2780 5018
570 450 791 523 ...5.-

107 725 111 736 .
133 686 244 737 amore
262 665 451 736 versabatur
468 669 502 730 in
527 665 772 750 cogitationibus
795 663 835 730 dc
860 662 931 750 jore
951 669 985 728 ct
1006 661 1154 728 libertate
1170 661 1228 728 de-

134 811 246 869 ornm,
267 794 363 851 nemo
382 783 642 865 uniuscuiusque
660 781 713 844 dei
730 789 796 844 tarn
821 789 941 842 certam
964 787 998 844 et
1025 785 1228 844 constantem

135 905 196 972 sibi
207 895 437 969 ‘conformabit
455 899 648 984 imaginem
670 919 742 960 cum
758 897 953 982 Sophocles,
973 905 1069 983 poeta
1086 885 1228 960 sommus

131 1029 168 1085 'el
187 1019 463 1106 perfectissimus,
491 1013 600 1100 potius
636 1013 725 1077 omni
751 1011 858 1076 studio
894 1010 1149 1076 incomberet-iu
1169 1031 1226 1074 ex·

132 1137 303 1224 plicandos
324 1143 358 1197 et
372 1130 583 1197 'exhibendos
604 1151 718 1196 sensns
735 1128 929 1194 centones
946 1129 1134 1208 hominum,
1154 1127 1228 1190 Pio·

133 1255 231 1318 daras
247 1272 339 1332 vero,
358 1239 412 1314 rir
429 1250 558 1314 dirinue
580 1256 612 1312 ot
628 1247 703 1333 pius
731 1245 789 1311 sed
811 1245 975 1332 Aeschylo
998 1253 1031 1310 et
1062 1242 1229 1331 Sophocle

133 1369 284 1447 inferior,
304 1342 535 1430 distriheretur
559 1363 674 1445 variis,
708 1361 741 1425 in
756 1363 875 1447 qubus
896 1361 1020 1448 egebat,
1041 1360 1161 1441 sacris,
1177 1361 1227 1424 ie·

134 1483 204 1564 stis,
226 1477 464 1547 occasionibus.
508 1471 623 1566 ltaqu'e
639 1501 704 1544 non
730 1479 842 1544 dubito
858 1479 1078 1559 contendero,
1099 1477 1134 1538 in
1151 1497 1228 1563 poe·
1274 1541 1279 1554 ⁸

133 1598 226 1662 matis
244 1595 410 1683 Aeschyli,
425 1596 571 1680 hominis
589 1595 818 1678 Atheniensis,
845 1585 940 1659 liberi
965 1595 1046 1663 ciris
1067 1579 1226 1679 reipubli-

133 1711 1103 1800 cseomniomGraecaromlougegeuerosissimae,'snmmum
1113 1707 1232 1794 reperi·
1340 1721 1342 1728 ’

130 1831 172 1912 ri,
194 1830 283 1914 qood
306 1825 542 1914 polylheismus
565 1828 709 1892 nancisci
729 1836 853 1914 potest,
875 1827 1038 1913 dignitatis
1054 1827 1227 1912 fastigium.

213 1949 321 2012 Verus
352 1945 441 2009 enim
461 1953 531 2025 cst,
544 1937 612 2028 'qui
633 1945 667 2007 in
683 1943 836 2029 Aeschyli
855 1943 1064 2028 opinionibus
1083 1949 1227 2028 apparet,
1282 1997 1285 2002 .

131 2062 375 2150 polytheismus.
417 2061 577 2126 Divinum
595 2061 703 2144 quivis
725 2062 803 2124 deus
827 2061 999 2146 Olympius
1024 2057 1157 2122 sortitus
1177 2063 1229 2121 est

130 2180 301 2254 honorem,
323 2177 402 2238 li'cet
415 2166 474 2259 prd
497 2182 612 2238 natura
631 2174 835 2258 singolorum
858 2175 948 2240 hooc
965 2175 1108 2254 maiore,
1129 2172 1224 2236 illum

133 2292 260 2354 minore
284 2290 403 2375 pietate
430 2299 608 2356 veneretur
633 2299 739 2375 poeta.
790 2291 934 2355 Deorum
952 2310 1030 2354 vero
1047 2288 1223 2353 multitudo
1338 2307 1339 2315 ¹

134 2428 206 2474 sese
220 2407 320 2492 ipsam
336 2407 500 2492 perturbat
522 2415 554 2470 et
574 2389 678 2487 lollii,
709 2406 771 2470 nisi
792 2406 905 2472 stabile
935 2409 1114 2492 quidquem
1135 2406 1225 2490 cogi·

133 2532 236 2603 tatur,
258 2545 275 2584 a
300 2540 366 2608 qno
384 2543 498 2586 omnes
513 2522 700 2610 pendeant,
723 2520 777 2585 cui
792 2533 922 2586 omnem
945 2543 1058 2594 omnes
1082 2522 1226 2586 debeant.

134 2641 308 2705 honorem.
357 2641 426 2704 lloc
447 2639 482 2702 in
506 2641 599 2721 fato,¹
621 2639 656 2702 in
680 2647 824 2704 extrema
853 2639 1043 2704 necessitate
1070 2638 1224 2724 permulti

135 2757 341 2841 reperiebant
358 2756 488 2837 Graeci,
509 2755 544 2817 in
565 2775 681 2840 quam,
703 2756 737 2820 id
760 2756 851 2842 qnod
874 2779 925 2822 me
946 2759 1056 2844 legere
1079 2745 1223 2832 memini,

135 2871 283 2933 divinum
310 2893 430 2936 numen
457 2872 619 2938 transiens
645 2891 714 2938 sese
749 2873 960 2948 conservabat
990 2872 1034 2934 in'
1055 2872 1224 2937 hominum

135 2985 356 3071 opinionibus.
398 2963 563 3072 Aeschylo
594 2996 703 3052 autem
726 2999 867 3053 summus
892 2988 1039 3067 omnium
1060 2987 1223 3072 ram—‚do
1326 3039 1330 3045 .

134 3086 278 3181 minos,
293 3111 407 3166 auctor
430 3111 479 3166 est
499 3102 644 3187 Jupiter,
674 3113 706 3167 et
736 3104 899 3190 quidquid
926 3105 960 3168 in
988 3105 1084 3170 rebus
1103 3103 1224 3170 divinis

85 3303 91 3310 .
134 3227 232 3302 atque
247 3217 397 3282 humanis
416 3218 512 3282 letale
527 3227 587 3300 est,
608 3239 627 3282 e
647 3219 734 3284 soria
751 3205 964 3308 repetendum
983 3222 1031 3284 est
1046 3221 1224 3300 voluntate,

26 3335 28 3339 ’
133 3333 263 3400 e'lovis
280 3335 402 3420 pendet
429 3318 569 3403 arbitridss
610 3337 681 3402 lloc
706 3347 757 3401 est
777 3357 928 3424 magnum
952 3337 1106 3424 aliquod,
1133 3337 1222 3422 quod

134 3467 232 3516 nemo
242 3451 445 3517 Graecorum
459 3459 524 3516 tam
546 3453 632 3516 clare
650 3455 824 3540 perspexit,
844 3465 909 3518 tom
927 3455 1044 3520 diserte
1059 3456 1224 3541 protessus

135 3573 206 3645 ast,
231 3553 341 3630 onais
373 3585 543 3653 quaequae
571 3577 672 3649 suut,
696 3569 800 3656 posita
829 3591 898 3636 esse
926 3571 959 3632 in
975 3573 1079 3636 libem
1105 3571 1222 3637 summi

130 3679 281 3746 nummis
294 3682 437 3764 arbitrio,
460 3705 568 3770 neque
585 3677 656 3770 pro'
666 3684 730 3750 hoc
746 3706 870 3751 mmmo
885 3688 1020 3754 numine
1043 3687 1224 3756 habandam

133 3815 205 3861 esse
231 3819 330 3862 annm
360 3801 541 3884 quasdam,
563 3823 660 3888 quom
674 3801 710 3866 hi
729 3799 865 3870 Parcam
880 3804 1016 3884 dicunt,
1044 3805 1095 3870 illi
1109 3806 1224 3872 Provi-
1336 3811 1340 3820 '

129 3913 290 3998 dentiam,
312 3915 369 3978 alii
385 3915 637 4000 ¹Necessitatem,
659 3939 743 4003 quae
763 3919 849 3984 nihil
872 3929 950 3986 suet
973 3922 1035 3986 nisi
1058 3944 1099 3987 cx
1118 3923 1224 3990 inerte

135 4031 291 4118 allegoria
317 4035 481 4119 profecte,
497 4031 629 4119 iin'qna
653 4059 761 4122 neque
775 4038 840 4103 vita
863 4039 966 4119 inest,
991 4041 1223 4128 neqne‘virtuu

129 4149 194 4212 sed
218 4145 369 4215 indutum
390 4173 461 4218 esse
481 4173 644 4222 sommum
672 4154 755 4218 illud
782 4177 902 4220 namen
931 4159 1038 4222 forma
1063 4159 1224 4237 hnmana,
