2644 5018
381 331 431 430 -4
466 372 553 491 ⁸141
605 407 655 429 -

79 555 343 676 Timeaiuepturrl
361 600 417 671 est,
441 589 574 653 inutiles
595 588 734 652 loedere
755 597 901 674 questus,
922 586 1011 674 quod
1021 587 1071 651 el·

27 706 167 770 tuafabulu
184 707 316 787 interiit,
338 705 481 791 ineptius
499 704 596 767 etiam
614 713 717 785 esset,
740 714 864 788 optare,
891 715 929 768 ut
946 727 1006 792 pro
1020 727 1071 788 eu,

27 838 196 907 quaesersutu
217 833 284 905 est,
316 821 510 886 haberemus
545 821 1073 906 alteram-1Diviaiorvixfuit,
1178 845 1182 851 “

32 961 89 1022 quin
104 939 188 1021 brec,
202 941 238 1002 in
258 961 322 1024 qua
342 923 478 1002 deorum
491 937 689 1010 maiestatem
705 937 902 1023 Aeschylum
917 940 1074 1018 minuisse

32 1057 193 1121 centendunt:
214 1078 255 1118 un
277 1055 304 1120 si
322 1056 391 1120 sola
412 1055 470 1116 illa
494 1063 577 1121 esset
603 1064 746 1135 servata,
760 1057 763 1067 “
776 1056 895 1120 certius
927 1053 1074 1142 judicare

26 1191 146 1251 possemus
161 1172 201 1236 de
218 1173 289 1235 eius
306 1171 478 1254 religione,
500 1192 695 1256 magnopere
717 1171 842 1236 dubito.
883 1173 960 1256 Egit
978 1173 1075 1252 enim,
1116 1231 1124 1238 .

24 1288 80 1367 quod
100 1288 255 1370 egendum
282 1297 424 1352 estium
452 1287 540 1352 bono
568 1297 700 1374 poetae,
734 1297 804 1350 tum
826 1288 881 1369 ei,
912 1291 970 1373 qui
988 1291 1074 1354 bene

24 1399 179 1470 instituturus
196 1404 354 1489 estquod
366 1405 522 1489 proponit
535 1404 701 1488 uenigmu:
723 1403 864 1470 absolvit
874 1407 1075 1491 tragoediam
1140 1449 1143 1458 ,

25 1536 81 1598 ean,
107 1517 298 1604 quuc'nobis
326 1529 452 1599 exstat,
486 1521 635 1585 omnibus
672 1521 839 1599 numeris,
861 1532 897 1584 ut
915 1523 942 1586 si
966 1523 1076 1586 omnia

24 1650 76 1712 quae
97 1635 126 1697 iu
150 1647 187 1701 ea
210 1639 377 1724 professus
413 1644 462 1701 est
484 1639 614 1723 singula
631 1641 796 1702 'accurate
827 1639 1076 1724 perpendimus,

27 1766 212 1834 coeperamus,
238 1753 435 1818 conferimus
457 1775 533 1818 cum
555 1755 616 1834 iis,
632 1757 729 1839 'qaue
751 1737 789 1816 in*
805 1755 876 1818 eliis
901 1757 1076 1839 tragoediis

27 1859 201 1952 riniliudicit,
223 1869 302 1937 setis
315 1871 500 1956 intelligere
516 1870 693 1956 possimus,
718 1869 796 1955 quid
820 1853 1003 1954 significare
1019 1857 1085 1936 vol

21 1973 100 2062 luerit,
118 1987 193 2069 quid
215 1987 337 2051 clarius
360 1996 393 2050 ct
416 1988 555 2066 certius,
576 1987 718 2052 vulbae
748 1987 801 2050 sel
818 1985 882 2048 'itta
901 1987 1006 2051 forma
1023 1988 1075 2052 in*

24 2089 100 2159 lutum
116 2102 145 2164 in
165 2103 364 2168 Prometheo
380 2104 486 2166 soluto
508 2103 735 2172 enuntiaverit.

74 2215 325 2301 Regrediendum
362 2231 411 2284 est
440 2221 481 2283 ad
506 2221 633 2301 fontes,
670 2219 758 2284 unde
789 2220 1098 2292 fabulam'huusit'
1181 2293 1196 2306 x

21 2321 67 2388 lon
83 2354 179 2400 omnes
198 2345 346 2418 exstant,
368 2339 425 2401 sed
449 2346 552 2434 exstat
577 2334 839 2422 antiquissimus,
860 2339 1002 2404 narratio
1025 2341 1076 2404 rei

22 2436 43 2499 ln
57 2445 223 2538 Theogonis
243 2453 386 2518 Hesiodi.
427 2455 485 2544 lb'i¹
498 2453 711 2526 Prometheus
727 2465 775 2520 est
796 2457 911 2540 genius
925 2458 1076 2539 callidus,

24 2559 60 2636 tui
81 2571 212 2635 omnium
241 2571 410 2633 bominum
435 2573 508 2637 sice
531 2571 673 2655 fungens
703 2572 889 2635 Jovem'in
915 2575 1076 2638 sacrificio
1180 2618 1182 2622 ,

24 2668 108 2763 lecipit
124 2687 312 2773 eidemque,
345 2709 419 2751 cum
447 2687 546 2751 iratus
572 2687 648 2771 igne
670 2685 822 2780 homines
842 2690 968 2773 privet,
987 2693 1076 2756 furto

25 2779 195 2889 httueripit.
238 2807 414 2888 Propterea
439 2803 569 2888 Jupiter
588 2802 774 2866 hominibus
797 2807 882 2868 mula
912 2807 1078 2894 immittit,
1121 2891 1123 2894 Ι

26 2898 109 2982 iillud
134 2924 320 2985 columnam
349 2920 479 3006 alligato
508 2919 601 3006 jecur
631 2921 775 2982 lacerare
805 2919 898 3003 jubet
917 2923 1079 3007 aquilum,

29 3013 98 3089 donee
114 3036 245 3102 Herculi
266 3035 350 3115 lilio,
379 3014 486 3099 buius
506 3035 642 3120 glorium
663 3037 935 3120 amplificaturus,
958 3061 1080 3106 conce-'-

25 3127 58 3193 ill
77 3154 102 3207 tl
124 3137 464 3218 vincuta‘rromethei
494 3152 609 3215 solvet.
667 3153 717 3214 De
748 3169 866 3234 genere
895 3157 1081 3220 Promethei

25 3258 113 3341 illust,
140 3290 216 3332 eum
253 3289 320 3346 esse
344 3267 449 3330 filium
471 3267 575 3353 Iapeti
596 3267 721 3331 Titanis
743 3278 776 3330 ct
795 3269 972 3354 Glymenae
994 3275 1082 3337 Oce·

23 3367 122 3459 tulnae,
158 3386 292 3448 tratrem
322 3385 464 3448 Atlantis
493 3393 526 3446 et
551 3384 727 3464 Menoetii,
765 3387 822 3466 qui
855 3388 955 3450 simili
984 3391 1077 3455 clude

20 3486 233 3593 redonantur,
256 3502 375 3585 quibus
396 3500 489 3562 nulla
507 3499 700 3564 conceditur
718 3499 881 3564 liberetio'.

77 3607 230 3682 Summam
256 3618 290 3680 in
321 3617 382 3680 hac
407 3606 591 3678 narratione
628 3614 823 3683 seutentiam
856 3591 943 3682 hanc
975 3622 1081 3686 inesse

17 3727 138 3810 lilim,
163 3735 312 3800 eximiam
337 3756 420 3818 quse
451 3742 499 3796 est
530 3732 644 3796 mentis
675 3731 835 3795 humanae
870 3715 1080 3804 calliditatem

19 3841 44 3888 ⁰⁰
61 3845 142 3910 uehi
163 3827 351 3938 superbiae,
373 3861 410 3914 ut
428 3851 490 3914 diis
511 3871 580 3913 sese
605 3870 743 3933 aequare
765 3861 920 3933 conetur,
943 3859 1081 3923 eandem

17 3949 130 4030 'tpprlmi
166 3981 198 4032 et
218 3957 334 4034 uinciri
363 3968 474 4032 divina
504 3966 670 4051 potentia,
690 3969 796 4049 usque
819 3967 895 4030 dum
914 3993 984 4036 sese
1005 3975 1082 4038 sub·

19 4063 99 4175 mittat
117 4082 224 4153 divino
245 4087 380 4180 imperio
402 4095 436 4167 et
455 4083 610 4149 liberetur
632 4082 743 4149 divina
765 4085 947 4152 clementia.
984 4085 1084 4155 Hunc
1204 4149 1206 4154 .
