2780 5018
661 421 707 441 ·-
760 387 809 458 52
861 421 907 440 ·-··
1316 387 1320 394 ’
1377 485 1379 560 ι

124 703 126 706 Ι
232 629 318 694 quae
344 603 513 692 punienda
540 603 815 685 heheanuriau,
853 604 987 706 praehet
1016 604 1214 691 Aeschylus,
1246 626 1333 690 quina

228 732 377 789 recenset
398 723 437 784 Ε.
464 719 538 794 169.
580 721 774 807 Saepissime
806 732 1077 786 commemoratur
1101 723 1249 806 impietus
1278 724 1335 786 ed·

230 862 342 905 versus
361 849 531 926 parentes,
555 860 639 922 qnae
658 847 730 900 tum
752 839 871 924 Oedipi
888 839 984 919 liliis,
1017 839 1078 902 etsi
1102 861 1235 900 manum
1249 860 1334 902 con·

226 967 278 1020 tra
294 964 419 1040 patrem
445 976 510 1018 non
537 955 752 1034 sustulerint,
779 963 849 1018 tum
878 954 988 1018 Oresti
1012 955 1175 1050 miseriem
1203 955 1336 1040 infligit.

189 1087 192 1096 ’
224 1073 403 1159 Impietatis
434 1072 533 1136 etiam
562 1080 611 1134 est
642 1061 808 1158 negligere
839 1071 999 1134 ultionem
1025 1072 1190 1155 parentis,
1220 1072 1333 1156 itaque

225 1189 347 1275 Apollo
363 1188 487 1269 Oresti,
502 1187 531 1250 si
552 1196 674 1273 patrem
689 1173 897 1271 neglecturus
919 1188 979 1267 sit,
999 1188 1141 1249 minatur
1156 1182 1334 1270 προςβολὰς

214 1291 382 1388 Ἐρινύων,
399 1303 548 1388 profecto
560 1303 647 1366 hand
659 1303 766 1368 minus
777 1301 950 1382 terribiles,
967 1326 1065 1386 qnam
1085 1303 1204 1386 quihus
1218 1287 1333 1388 postes
1378 1323 1379 1388 ,

221 1429 356 1516 propter
383 1418 492 1482 metris
517 1418 906 1524 parricidiumxvexutpr,
937 1419 998 1485 Ch.
1017 1415 1232 1499 271—296,
1265 1421 1333 1489 925
1377 1489 1379 1518 ἵ

220 1531 296 1643 (τὰς
311 1529 501 1617 τοῦπατρὸς
516 1532 551 1596 δὲ
563 1535 630 1606 πῶς
642 1535 737 1618 pvyoi
756 1529 875 1617 παρείςΙ
889 1527 1007 1620 unitim).
1025 1569 1064 1586 ·-
1082 1519 1261 1620 impictatis
1276 1540 1330 1602 ud·

219 1644 499 1753 versishospitem
511 1649 725 1715 clarissimum
735 1652 923 1736 exemplum
941 1651 1031 1715 dedit
1045 1654 1145 1733 Paris,
1167 1652 1227 1738 Ag.
1247 1651 1333 1729 362,
1377 1671 1379 1744 t

219 1770 302 1845 399,
337 1770 415 1837 702:
438 1788 503 1851 qna
524 1767 564 1829 de
583 1787 679 1829 causa
701 1767 772 1830 eins
785 1788 913 1830 carmen
932 1767 1077 1852 nuptiale
1098 1769 1131 1830 in
1158 1770 1329 1854 planctum

217 1883 376 1970 pervertit
396 1884 515 1962 Furia,
535 1885 596 1969 Ag.
618 1887 690 1959 749.
711 1885 795 1966 Erga
822 1885 898 1974 deos
917 1895 1070 1968 peccatur
1088 1885 1121 1946 in
1141 1887 1328 1950 evertendis

217 2000 280 2064 aris
302 1999 475 2084 Troianis,
497 2001 587 2084 quud
608 2001 735 2086 saepius
761 2002 940 2064 indicatum
960 2004 1031 2086 (Ag.
1059 2005 1143 2079 338,
1164 2006 1242 2086 527)
1256 2007 1328 2066 Fu·

216 2116 288 2198 riae
313 2116 457 2202 puniunt
481 2114 597 2192 (645)
626 2116 803 2200 perillam
826 2126 1048 2200 tempestatem
1082 2115 1139 2178 adn
1171 2112 1329 2200 ἀμήνιτον

222 2235 331 2312 θεοῖς,
353 2233 440 2311 649,
475 2234 519 2295 cf.
541 2229 616 2301 6215.
657 2233 772 2296 Simile
803 2235 988 2318 exemplum
1011 2233 1166 2319 praebent
1184 2236 1327 2316 Persae,

219 2350 279 2434 qni
309 2369 379 2411 aras
391 2350 395 2360 '
406 2358 444 2411 et
458 2348 579 2432 templa
610 2350 735 2414 Graece
764 2358 911 2411 evertunt
927 2351 964 2417 P.
979 2351 1042 2418 808
1056 2385 1096 2402 -
1109 2350 1191 2427 828,
1218 2323 1324 2413 simile

219 2466 387 2551 Lycurgus
408 2451 452 2526 'et
485 2462 651 2527 Pentheus
676 2463 712 2524 in
745 2465 920 2548 tragoediis
944 2466 986 2528 ad
1003 2465 1119 2527 Bacchi
1142 2486 1193 2528 res
1217 2474 1321 2549 gestas

218 2583 467 2670 pertinentibus.
515 2581 563 2643 Ne
589 2561 710 2643 liberos
736 2581 891 2664 quidem,
927 2582 952 2646 si
974 2605 991 2642 a
1013 2579 1201 2664 parentibus
1220 2581 1321 2664 impie

218 2707 418 2777 tractantur,
440 2697 551 2759 delicit
565 2696 648 2758 ultio
664 2698 854 2776 Furiarum,
872 2719 950 2781 quas
973 2696 1227 2779 Clytaemnestra
1246 2719 1322 2760 sna·
1377 2673 1378 2744 1

222 2815 300 2877 citet
317 2814 358 2876 ad
371 2813 548 2876 vindictam
565 2812 753 2876 sumendam
769 2815 809 2877 de
828 2836 907 2876 nece
922 2812 1130 2897 Iphigeniae,
1147 2820 1208 2898 Ag.
1222 2817 1320 2895 1433,

221 2933 324 3009 1398,
345 2930 448 3009 1527,
481 2950 578 3013 quam
597 2931 698 3014 ipsam
713 2943 820 2994 mente
844 2952 909 2991 non
932 2931 1089 2994 incolumi
1115 2931 1154 2992 sb
1169 2931 1319 3011 insania,

193 3068 197 3076 ·
220 3071 317 3133 qnam
338 3047 457 3111 Furiae
476 3037 626 3122 mittunt,
649 3059 816 3130 paraverat
832 3048 1076 3132 Agamemnon,
1097 3049 1157 3132 Ag.
1179 3049 1258 3114 223:
1282 3049 1319 3110 in

220 3165 314 3228 cuins
330 3137 460 3244 domum
480 3174 611 3249 propter
630 3174 755 3228 vetusta
771 3166 919 3250 Thyestis
939 3175 972 3227 et
985 3165 1077 3228 Atrei
1094 3165 1217 3226 scelera
1236 3165 1315 3226 irru·

221 3289 348 3366 perant.
368 3281 543 3364 sg.1580‚
566 3281 657 3361 1189.
681 3281 787 3344 ‘Haec
817 3303 896 3376 uero
925 3304 1081 3348 novorum
1103 3303 1231 3364 semper
1247 3304 1320 3345 sce-

53 3395 57 3402 ’
151 3471 153 3478 y
220 3397 325 3459 lerum
343 3396 463 3480 pariter
490 3417 526 3484 ac
551 3403 730 3481 poenarum
748 3397 781 3458 in
807 3397 955 3460 dumibus
978 3396 1143 3460 sceleratis
1157 3398 1319 3481 paranda-

217 3532 292 3575 rum
307 3511 452 3597 potentia
466 3511 594 3597 propria
612 3522 660 3575 est
675 3513 764 3596 genii
783 3497 965 3577 Alastoriss

303 3627 451 3710 Speciem
479 3637 513 3691 et
540 3628 685 3692 habitum
709 3625 757 3709 ⁶¹)
788 3629 957 3693 Furiarum
987 3623 1183 3715 descriptum
1213 3629 1316 3697 habes

214 3799 561 3819 m

247 3903 299 3967 61)
319 3902 421 3955 Primus
439 3900 590 3970 Aeschylus
607 3899 750 3956 Furiarum
770 3902 859 3958 crines
877 3904 1049 3978 serpentibus
1059 3875 1213 3975 implicuit,
1235 3905 1314 3960 Paus.
1376 3929 1377 3972 3

195 4009 198 4014 '
320 4007 354 4068 l,
373 4005 428 4094 18,
446 4006 483 4063 6:
502 4004 551 4057 ubi
569 4004 599 4058 in
619 4021 710 4062 uarum
730 4007 901 4072 simulacris,
932 4027 1005 4082 quse
1023 4008 1135 4063 Athenis
1154 4017 1247 4072 erunt,
1266 4011 1317 4062 ni·

253 4132 255 4138 ¹
314 4105 357 4162 hil
384 4107 509 4165 terribile
526 4105 640 4164 infuisse
657 4109 767 4170 dicitur.
802 4111 846 4166 lbi
862 4113 935 4168 enirn
959 4120 1036 4171 erent
1052 4109 1229 4183 superstes,
1256 4109 1315 4170 Σι-
