<?xml version="1.0" encoding="UTF-8"?>
<!DOCTYPE html PUBLIC "-//W3C//DTD XHTML 1.0 Transitional//EN"
    "http://www.w3.org/TR/xhtml1/DTD/xhtml1-transitional.dtd">
<html xmlns="http://www.w3.org/1999/xhtml" xml:lang="en" lang="en">
 <head>
  <title>
</title>
<meta http-equiv="Content-Type" content="text/html;charset=utf-8" />
  <meta name='ocr-system' content='tesseract 3.04.00' />
  <meta name='ocr-capabilities' content='ocr_page ocr_carea ocr_par ocr_line ocrx_word'/>
</head>
<body>
  <div class='ocr_page' id='page_1' title='image "./theologumenaaes01klaugoog_0042.png"; bbox 0 0 2780 5018; ppageno 0'>
   <div class='ocr_carea' id='block_1_1' title="bbox 462 392 716 486">
    <p class='ocr_par' dir='ltr' id='par_1_1' title="bbox 462 392 716 486">
     <span class='ocr_line' id='line_1_1' title="bbox 462 392 716 486; baseline -0.039 3"><span class='ocrx_word' id='word_1_1' title='bbox 462 392 716 486; x_wconf 72' lang='lat' dir='ltr'><strong>-ao—&#39;</strong></span> 
     </span>
    </p>
   </div>
   <div class='ocr_carea' id='block_1_2' title="bbox 50 617 1133 724">
    <p class='ocr_par' dir='ltr' id='par_1_2' title="bbox 50 617 1133 724">
     <span class='ocr_line' id='line_1_2' title="bbox 50 617 1133 724; baseline -0.031 -13"><span class='ocrx_word' id='word_1_2' title='bbox 50 667 131 722; x_wconf 84' lang='lat' dir='ltr'><strong>rum,</strong></span> <span class='ocrx_word' id='word_1_3' title='bbox 157 656 295 724; x_wconf 78' lang='lat' dir='ltr'><strong>regnum</strong></span> <span class='ocrx_word' id='word_1_4' title='bbox 322 643 426 696; x_wconf 86' lang='lat' dir='ltr'><strong>terrae</strong></span> <span class='ocrx_word' id='word_1_5' title='bbox 452 628 636 692; x_wconf 82' lang='lat' dir='ltr'><strong>interiorir=</strong></span> <span class='ocrx_word' id='word_1_6' title='bbox 663 627 734 710; x_wconf 79' lang='lat' dir='ltr'><strong>ipsa</strong></span> <span class='ocrx_word' id='word_1_7' title='bbox 755 632 860 688; x_wconf 86' lang='lat' dir='ltr'><strong>terrae</strong></span> <span class='ocrx_word' id='word_1_8' title='bbox 883 617 1071 705; x_wconf 71' lang='lat' dir='ltr'><strong>superficie·</strong></span> <span class='ocrx_word' id='word_1_9' title='bbox 1088 622 1133 679; x_wconf 79' lang='lat' dir='ltr'><strong>&#39;ct</strong></span> 
     </span>
    </p>
   </div>
   <div class='ocr_carea' id='block_1_3' title="bbox 50 735 1260 846">
    <p class='ocr_par' dir='ltr' id='par_1_3' title="bbox 50 735 1260 846">
     <span class='ocr_line' id='line_1_3' title="bbox 50 735 1260 846; baseline -0.026 -22"><span class='ocrx_word' id='word_1_10' title='bbox 50 783 128 846; x_wconf 87' lang='lat' dir='ltr'><strong>quae</strong></span> <span class='ocrx_word' id='word_1_11' title='bbox 150 758 195 818; x_wconf 88' lang='lat' dir='ltr'><strong>ibi</strong></span> <span class='ocrx_word' id='word_1_12' title='bbox 226 760 413 825; x_wconf 75' lang='lat' dir='ltr'><strong>versantur,</strong></span> <span class='ocrx_word' id='word_1_13' title='bbox 435 745 579 808; x_wconf 87' lang='lat' dir='ltr'><strong>omnium</strong></span> <span class='ocrx_word' id='word_1_14' title='bbox 597 751 674 806; x_wconf 86' lang='lat' dir='ltr'><strong>sunt</strong></span> <span class='ocrx_word' id='word_1_15' title='bbox 701 739 899 816; x_wconf 85' lang='lat' dir='ltr'><strong>communia,</strong></span> <span class='ocrx_word' id='word_1_16' title='bbox 919 757 980 822; x_wconf 89' lang='lat' dir='ltr'><strong>per</strong></span> <span class='ocrx_word' id='word_1_17' title='bbox 995 735 1148 798; x_wconf 82' lang='lat' dir='ltr'><strong>bacco-&#39;</strong></span> <span class='ocrx_word' id='word_1_18' title='bbox 1211 811 1217 818; x_wconf 84' lang='lat'><em>.</em></span> <span class='ocrx_word' id='word_1_19' title='bbox 1257 805 1260 814; x_wconf 23' lang='grc' dir='ltr'><strong><em>Δ</em></strong></span> 
     </span>
    </p>
   </div>
   <div class='ocr_carea' id='block_1_4' title="bbox 50 852 1207 1059">
    <p class='ocr_par' dir='ltr' id='par_1_4' title="bbox 50 852 1207 1059">
     <span class='ocr_line' id='line_1_4' title="bbox 50 852 1207 956; baseline -0.024 -18"><span class='ocrx_word' id='word_1_20' title='bbox 50 877 168 939; x_wconf 87' lang='grc' dir='ltr'>ιιιιιίιιιιι</span> <span class='ocrx_word' id='word_1_21' title='bbox 190 889 364 956; x_wconf 83' lang='lat' dir='ltr'><strong>regnorum</strong></span> <span class='ocrx_word' id='word_1_22' title='bbox 387 863 467 926; x_wconf 89' lang='lat' dir='ltr'><strong>ditio</strong></span> <span class='ocrx_word' id='word_1_23' title='bbox 483 860 636 944; x_wconf 82' lang='lat' dir='ltr'><strong>pertinet,</strong></span> <span class='ocrx_word' id='word_1_24' title='bbox 659 857 759 919; x_wconf 87' lang='lat' dir='ltr'><strong>nullis</strong></span> <span class='ocrx_word' id='word_1_25' title='bbox 780 855 916 954; x_wconf 74' lang='lat' dir='ltr'><strong>discreta</strong></span> <span class='ocrx_word' id='word_1_26' title='bbox 934 852 1051 918; x_wconf 78' lang='lat' dir='ltr'><strong>finibus</strong></span> <span class='ocrx_word' id='word_1_27' title='bbox 1066 869 1146 914; x_wconf 64' lang='lat' dir='ltr'><strong>oen·</strong></span> <span class='ocrx_word' id='word_1_28' title='bbox 1205 911 1207 918; x_wconf 82' lang='grc'>,</span> 
     </span>
     <span class='ocr_line' id='line_1_5' title="bbox 52 967 1148 1059; baseline -0.024 -7"><span class='ocrx_word' id='word_1_29' title='bbox 52 991 100 1053; x_wconf 88' lang='lat' dir='ltr'><strong>tis.</strong></span> <span class='ocrx_word' id='word_1_30' title='bbox 149 989 250 1050; x_wconf 86' lang='lat' dir='ltr'><strong>Terra</strong></span> <span class='ocrx_word' id='word_1_31' title='bbox 271 981 408 1059; x_wconf 72' lang='lat' dir='ltr'><strong>interior</strong></span> <span class='ocrx_word' id='word_1_32' title='bbox 439 975 584 1039; x_wconf 49' lang='lat' dir='ltr'><strong>tenebris¹</strong></span> <span class='ocrx_word' id='word_1_33' title='bbox 609 973 777 1036; x_wconf 72' lang='lat' dir='ltr'><strong>obscurata</strong></span> <span class='ocrx_word' id='word_1_34' title='bbox 807 978 856 1033; x_wconf 81' lang='lat' dir='ltr'><strong>eat</strong></span> <span class='ocrx_word' id='word_1_35' title='bbox 873 967 1042 1046; x_wconf 64' lang='lat' dir='ltr'><strong>aeterum,</strong></span> <span class='ocrx_word' id='word_1_36' title='bbox 1080 985 1148 1046; x_wconf 35' lang='lat' dir='ltr'><strong>re(</strong></span> 
     </span>
    </p>
   </div>
   <div class='ocr_carea' id='block_1_5' title="bbox 49 1066 1137 1299">
    <p class='ocr_par' dir='ltr' id='par_1_5' title="bbox 49 1066 1137 1299">
     <span class='ocr_line' id='line_1_6' title="bbox 49 1066 1137 1192; baseline -0.025 -23"><span class='ocrx_word' id='word_1_37' title='bbox 49 1108 136 1190; x_wconf 89' lang='lat' dir='ltr'><strong>liqua</strong></span> <span class='ocrx_word' id='word_1_38' title='bbox 158 1099 267 1164; x_wconf 90' lang='lat' dir='ltr'><strong>omnia</strong></span> <span class='ocrx_word' id='word_1_39' title='bbox 291 1104 370 1158; x_wconf 82' lang='lat' dir='ltr'><strong>aunt</strong></span> <span class='ocrx_word' id='word_1_40' title='bbox 403 1091 436 1152; x_wconf 90' lang='lat' dir='ltr'><strong>in</strong></span> <span class='ocrx_word' id='word_1_41' title='bbox 456 1101 567 1175; x_wconf 89' lang='lat' dir='ltr'><strong>aperto</strong></span> <span class='ocrx_word' id='word_1_42' title='bbox 595 1098 627 1151; x_wconf 91' lang='lat' dir='ltr'><strong>et</strong></span> <span class='ocrx_word' id='word_1_43' title='bbox 648 1089 722 1150; x_wconf 89' lang='lat' dir='ltr'><strong>luce</strong></span> <span class='ocrx_word' id='word_1_44' title='bbox 751 1066 999 1192; x_wconf 50' lang='lat' dir='ltr'><strong>col&#39;lnstrantupa</strong></span> <span class='ocrx_word' id='word_1_45' title='bbox 1027 1081 1137 1180; x_wconf 65' lang='lat' dir='ltr'><strong>itaque</strong></span> 
     </span>
     <span class='ocr_line' id='line_1_7' title="bbox 50 1195 1137 1299; baseline -0.029 -19"><span class='ocrx_word' id='word_1_46' title='bbox 50 1235 140 1299; x_wconf 81' lang='lat' dir='ltr'><strong>saepe</strong></span> <span class='ocrx_word' id='word_1_47' title='bbox 152 1227 290 1293; x_wconf 83' lang='lat' dir='ltr'><strong>reguum</strong></span> <span class='ocrx_word' id='word_1_48' title='bbox 305 1204 486 1265; x_wconf 75' lang='lat' dir='ltr'><strong>interorum</strong></span> <span class='ocrx_word' id='word_1_49' title='bbox 495 1219 594 1280; x_wconf 83' lang='lat' dir='ltr'><strong>regno</strong></span> <span class='ocrx_word' id='word_1_50' title='bbox 610 1217 801 1282; x_wconf 81' lang='lat' dir='ltr'><strong>superorum</strong></span> <span class='ocrx_word' id='word_1_51' title='bbox 814 1195 1000 1280; x_wconf 86' lang='lat' dir='ltr'><strong>opponitur.</strong></span> <span class='ocrx_word' id='word_1_52' title='bbox 1013 1197 1070 1280; x_wconf 90' lang='lat' dir='ltr'><strong>qui</strong></span> <span class='ocrx_word' id='word_1_53' title='bbox 1083 1217 1137 1260; x_wconf 72' lang='lat' dir='ltr'><strong>ve.</strong></span> 
     </span>
    </p>
   </div>
   <div class='ocr_carea' id='block_1_6' title="bbox 48 1311 1141 1528">
    <p class='ocr_par' dir='ltr' id='par_1_6' title="bbox 48 1311 1141 1528">
     <span class='ocr_line' id='line_1_8' title="bbox 48 1311 1141 1395; baseline -0.019 0"><span class='ocrx_word' id='word_1_54' title='bbox 48 1356 85 1395; x_wconf 88' lang='lat' dir='ltr'><strong>ro</strong></span> <span class='ocrx_word' id='word_1_55' title='bbox 100 1329 250 1393; x_wconf 90' lang='lat' dir='ltr'><strong>tellurem</strong></span> <span class='ocrx_word' id='word_1_56' title='bbox 277 1329 310 1384; x_wconf 90' lang='lat' dir='ltr'><strong>et</strong></span> <span class='ocrx_word' id='word_1_57' title='bbox 325 1319 454 1382; x_wconf 69' lang='lat' dir='ltr'><strong>&#39;eoelum</strong></span> <span class='ocrx_word' id='word_1_58' title='bbox 473 1316 623 1390; x_wconf 83' lang='lat' dir='ltr'><strong>invocat,</strong></span> <span class='ocrx_word' id='word_1_59' title='bbox 653 1313 761 1376; x_wconf 89' lang='lat' dir='ltr'><strong>omnia</strong></span> <span class='ocrx_word' id='word_1_60' title='bbox 784 1311 896 1375; x_wconf 86' lang='lat' dir='ltr'><strong>adorat</strong></span> <span class='ocrx_word' id='word_1_61' title='bbox 917 1311 1069 1394; x_wconf 85' lang='lat' dir='ltr'><strong>numina,</strong></span> <span class='ocrx_word' id='word_1_62' title='bbox 1092 1311 1141 1375; x_wconf 90' lang='lat' dir='ltr'><strong>in·</strong></span> 
     </span>
     <span class='ocr_line' id='line_1_9' title="bbox 50 1427 957 1528; baseline -0.023 -17"><span class='ocrx_word' id='word_1_63' title='bbox 50 1451 118 1510; x_wconf 82' lang='lat' dir='ltr'><strong>iera</strong></span> <span class='ocrx_word' id='word_1_64' title='bbox 133 1439 254 1528; x_wconf 86' lang='lat' dir='ltr'><strong>pariter</strong></span> <span class='ocrx_word' id='word_1_65' title='bbox 269 1459 304 1498; x_wconf 87' lang='lat' dir='ltr'><strong>ac</strong></span> <span class='ocrx_word' id='word_1_66' title='bbox 321 1455 446 1518; x_wconf 80' lang='lat' dir='ltr'><strong>supera.</strong></span> <span class='ocrx_word' id='word_1_67' title='bbox 468 1433 505 1496; x_wconf 88' lang='lat' dir='ltr'><strong>P.</strong></span> <span class='ocrx_word' id='word_1_68' title='bbox 522 1431 600 1504; x_wconf 67' lang='grc' dir='ltr'>(199ι</span> <span class='ocrx_word' id='word_1_69' title='bbox 626 1429 724 1514; x_wconf 87' lang='lat' dir='ltr'><strong>Sopb.</strong></span> <span class='ocrx_word' id='word_1_70' title='bbox 745 1429 788 1491; x_wconf 92' lang='grc' dir='ltr'><strong>Ο.</strong></span> <span class='ocrx_word' id='word_1_71' title='bbox 810 1429 846 1494; x_wconf 82' lang='lat' dir='ltr'><strong>C.</strong></span> <span class='ocrx_word' id='word_1_72' title='bbox 865 1427 957 1494; x_wconf 63' lang='grc'><strong>1054.</strong></span> 
     </span>
    </p>
   </div>
   <div class='ocr_carea' id='block_1_7' title="bbox 18 1535 1248 1640">
    <p class='ocr_par' dir='ltr' id='par_1_7' title="bbox 18 1535 1248 1640">
     <span class='ocr_line' id='line_1_10' title="bbox 18 1535 1248 1640; baseline -0.027 -6"><span class='ocrx_word' id='word_1_73' title='bbox 18 1629 23 1634; x_wconf 93' lang='grc'>.</span> <span class='ocrx_word' id='word_1_74' title='bbox 133 1553 216 1640; x_wconf 78' lang='lat' dir='ltr'><strong>Quia</strong></span> <span class='ocrx_word' id='word_1_75' title='bbox 241 1555 275 1616; x_wconf 89' lang='lat' dir='ltr'><strong>iu</strong></span> <span class='ocrx_word' id='word_1_76' title='bbox 298 1553 475 1614; x_wconf 84' lang='lat' dir='ltr'><strong>inferorum</strong></span> <span class='ocrx_word' id='word_1_77' title='bbox 510 1545 651 1612; x_wconf 84' lang='lat' dir='ltr'><strong>tenebris</strong></span> <span class='ocrx_word' id='word_1_78' title='bbox 682 1535 927 1630; x_wconf 86' lang='lat' dir='ltr'><strong>nibileon-spici</strong></span> <span class='ocrx_word' id='word_1_79' title='bbox 947 1555 1074 1632; x_wconf 74' lang='lat' dir='ltr'><strong>potest,</strong></span> <span class='ocrx_word' id='word_1_80' title='bbox 1103 1546 1140 1610; x_wconf 85' lang='lat' dir='ltr'><strong>id</strong></span> <span class='ocrx_word' id='word_1_81' title='bbox 1245 1571 1248 1580; x_wconf 79' lang='lat'>=</span> 
     </span>
    </p>
   </div>
   <div class='ocr_carea' id='block_1_8' title="bbox 47 1647 1143 1992">
    <p class='ocr_par' dir='ltr' id='par_1_8' title="bbox 47 1647 1143 1992">
     <span class='ocr_line' id='line_1_11' title="bbox 51 1647 1142 1760; baseline -0.016 -20"><span class='ocrx_word' id='word_1_82' title='bbox 51 1673 138 1760; x_wconf 86' lang='lat' dir='ltr'><strong>quod</strong></span> <span class='ocrx_word' id='word_1_83' title='bbox 165 1674 235 1757; x_wconf 90' lang='lat' dir='ltr'><strong>ipso</strong></span> <span class='ocrx_word' id='word_1_84' title='bbox 265 1669 396 1732; x_wconf 89' lang='lat' dir='ltr'><strong>nomine</strong></span> <span class='ocrx_word' id='word_1_85' title='bbox 418 1658 530 1728; x_wconf 62' lang='grc' dir='ltr'>’Ἅιδου</span> <span class='ocrx_word' id='word_1_86' title='bbox 558 1662 763 1742; x_wconf 78' lang='lat' dir='ltr'><strong>declaratur,</strong></span> <span class='ocrx_word' id='word_1_87' title='bbox 782 1661 888 1724; x_wconf 89' lang='lat' dir='ltr'><strong>omnia</strong></span> <span class='ocrx_word' id='word_1_88' title='bbox 909 1647 953 1724; x_wconf 61' lang='lat' dir='ltr'><strong>‘eo</strong></span> <span class='ocrx_word' id='word_1_89' title='bbox 974 1652 1142 1748; x_wconf 83' lang='lat' dir='ltr'><strong>pertinent</strong></span> 
     </span>
     <span class='ocr_line' id='line_1_12' title="bbox 48 1769 1140 1874; baseline -0.01 -19"><span class='ocrx_word' id='word_1_90' title='bbox 48 1805 117 1855; x_wconf 90' lang='lat' dir='ltr'><strong>tum</strong></span> <span class='ocrx_word' id='word_1_91' title='bbox 133 1808 297 1874; x_wconf 60' lang='lat' dir='ltr'><strong>quaesnon</strong></span> <span class='ocrx_word' id='word_1_92' title='bbox 325 1782 464 1868; x_wconf 81' lang='lat' dir='ltr'><strong>amplius</strong></span> <span class='ocrx_word' id='word_1_93' title='bbox 475 1825 485 1860; x_wconf 94' lang='lat'><strong>,</strong></span> <span class='ocrx_word' id='word_1_94' title='bbox 496 1769 498 1771; x_wconf 30' lang='lat'>⁵</span> <span class='ocrx_word' id='word_1_95' title='bbox 509 1791 577 1843; x_wconf 86' lang='lat' dir='ltr'><strong>tum</strong></span> <span class='ocrx_word' id='word_1_96' title='bbox 593 1801 676 1865; x_wconf 87' lang='lat' dir='ltr'><strong>quac</strong></span> <span class='ocrx_word' id='word_1_97' title='bbox 693 1800 855 1862; x_wconf 42' lang='lat' dir='ltr'><strong>‘nusquam</strong></span> <span class='ocrx_word' id='word_1_98' title='bbox 876 1781 1140 1865; x_wconf 77' lang='lat' dir='ltr'><strong>conspiciuntur,</strong></span> 
     </span>
     <span class='ocr_line' id='line_1_13' title="bbox 47 1877 1143 1992; baseline -0.013 -18"><span class='ocrx_word' id='word_1_99' title='bbox 47 1915 84 1974; x_wconf 85' lang='lat' dir='ltr'><strong>ct</strong></span> <span class='ocrx_word' id='word_1_100' title='bbox 108 1909 246 1992; x_wconf 88' lang='lat' dir='ltr'><strong>primum</strong></span> <span class='ocrx_word' id='word_1_101' title='bbox 273 1903 407 1989; x_wconf 85' lang='lat' dir='ltr'><strong>quidem</strong></span> <span class='ocrx_word' id='word_1_102' title='bbox 441 1898 562 1960; x_wconf 88' lang='lat' dir='ltr'><strong>mortui</strong></span> <span class='ocrx_word' id='word_1_103' title='bbox 590 1896 761 1976; x_wconf 86' lang='lat' dir='ltr'><strong>bomioes,</strong></span> <span class='ocrx_word' id='word_1_104' title='bbox 796 1877 915 1972; x_wconf 85' lang='lat' dir='ltr'><strong>deinde</strong></span> <span class='ocrx_word' id='word_1_105' title='bbox 944 1915 1021 1960; x_wconf 82' lang='lat' dir='ltr'><strong>vero</strong></span> <span class='ocrx_word' id='word_1_106' title='bbox 1047 1899 1143 1961; x_wconf 88' lang='lat' dir='ltr'><strong>etiam</strong></span> 
     </span>
    </p>
   </div>
   <div class='ocr_carea' id='block_1_9' title="bbox 46 2012 1248 2107">
    <p class='ocr_par' dir='ltr' id='par_1_9' title="bbox 46 2012 1248 2107">
     <span class='ocr_line' id='line_1_14' title="bbox 46 2012 1248 2107; baseline -0.01 -21"><span class='ocrx_word' id='word_1_107' title='bbox 46 2024 156 2091; x_wconf 79' lang='lat' dir='ltr'><strong>omnia</strong></span> <span class='ocrx_word' id='word_1_108' title='bbox 182 2041 265 2107; x_wconf 87' lang='lat' dir='ltr'><strong>qnae</strong></span> <span class='ocrx_word' id='word_1_109' title='bbox 291 2019 377 2078; x_wconf 81' lang='lat' dir='ltr'><strong>inter</strong></span> <span class='ocrx_word' id='word_1_110' title='bbox 398 2015 546 2084; x_wconf 84' lang='lat' dir='ltr'><strong>homiues</strong></span> <span class='ocrx_word' id='word_1_111' title='bbox 579 2012 662 2074; x_wconf 90' lang='lat' dir='ltr'><strong>nibil</strong></span> <span class='ocrx_word' id='word_1_112' title='bbox 681 2013 1000 2099; x_wconf 74' lang='lat' dir='ltr'><strong>babentpotentiaee</strong></span> <span class='ocrx_word' id='word_1_113' title='bbox 1031 2013 1161 2096; x_wconf 81' lang='lat' dir='ltr'><strong>itaque¹</strong></span> <span class='ocrx_word' id='word_1_114' title='bbox 1244 2038 1248 2045; x_wconf 90' lang='lat'><strong>·</strong></span> 
     </span>
    </p>
   </div>
   <div class='ocr_carea' id='block_1_10' title="bbox 28 2127 1246 4208">
    <p class='ocr_par' dir='ltr' id='par_1_10' title="bbox 28 2127 1246 4208">
     <span class='ocr_line' id='line_1_15' title="bbox 46 2127 1144 2204; baseline -0.012 -1"><span class='ocrx_word' id='word_1_115' title='bbox 46 2139 132 2204; x_wconf 90' lang='lat' dir='ltr'><strong>mala</strong></span> <span class='ocrx_word' id='word_1_116' title='bbox 157 2135 267 2200; x_wconf 86' lang='lat' dir='ltr'><strong>omnia</strong></span> <span class='ocrx_word' id='word_1_117' title='bbox 291 2129 486 2192; x_wconf 82' lang='lat' dir='ltr'><strong>bominibus</strong></span> <span class='ocrx_word' id='word_1_118' title='bbox 517 2150 584 2191; x_wconf 89' lang='lat' dir='ltr'><strong>non</strong></span> <span class='ocrx_word' id='word_1_119' title='bbox 616 2127 764 2191; x_wconf 88' lang='lat' dir='ltr'><strong>nocitura</strong></span> <span class='ocrx_word' id='word_1_120' title='bbox 786 2137 871 2190; x_wconf 87' lang='lat' dir='ltr'><strong>terra</strong></span> <span class='ocrx_word' id='word_1_121' title='bbox 899 2127 1092 2192; x_wconf 86' lang='lat' dir='ltr'><strong>cohibentur</strong></span> <span class='ocrx_word' id='word_1_122' title='bbox 1111 2137 1144 2191; x_wconf 87' lang='lat' dir='ltr'><strong>et</strong></span> 
     </span>
     <span class='ocr_line' id='line_1_16' title="bbox 48 2231 1145 2331; baseline -0.012 -12"><span class='ocrx_word' id='word_1_123' title='bbox 48 2249 165 2320; x_wconf 86' lang='lat' dir='ltr'><strong>cadem</strong></span> <span class='ocrx_word' id='word_1_124' title='bbox 189 2259 291 2326; x_wconf 84' lang='lat' dir='ltr'><strong>terra,</strong></span> <span class='ocrx_word' id='word_1_125' title='bbox 325 2266 430 2331; x_wconf 88' lang='lat' dir='ltr'><strong>quae,</strong></span> <span class='ocrx_word' id='word_1_126' title='bbox 461 2244 548 2330; x_wconf 85' lang='lat' dir='ltr'><strong>quia</strong></span> <span class='ocrx_word' id='word_1_127' title='bbox 557 2231 702 2305; x_wconf 88' lang='lat' dir='ltr'><strong>omnium</strong></span> <span class='ocrx_word' id='word_1_128' title='bbox 724 2253 825 2308; x_wconf 86' lang='lat' dir='ltr'><strong>mater</strong></span> <span class='ocrx_word' id='word_1_129' title='bbox 857 2252 920 2326; x_wconf 81' lang='lat' dir='ltr'><strong>est,</strong></span> <span class='ocrx_word' id='word_1_130' title='bbox 941 2243 1025 2307; x_wconf 90' lang='lat' dir='ltr'><strong>bona</strong></span> <span class='ocrx_word' id='word_1_131' title='bbox 1049 2244 1145 2310; x_wconf 88' lang='lat' dir='ltr'><strong>etiam</strong></span> 
     </span>
     <span class='ocr_line' id='line_1_17' title="bbox 48 2341 1158 2472; baseline -0.007 -38"><span class='ocrx_word' id='word_1_132' title='bbox 48 2367 159 2434; x_wconf 86' lang='lat' dir='ltr'><strong>omnia</strong></span> <span class='ocrx_word' id='word_1_133' title='bbox 183 2362 310 2430; x_wconf 87' lang='lat' dir='ltr'><strong>emittit.</strong></span> <span class='ocrx_word' id='word_1_134' title='bbox 361 2363 533 2446; x_wconf 83' lang='lat' dir='ltr'><strong>Propterea</strong></span> <span class='ocrx_word' id='word_1_135' title='bbox 556 2359 652 2422; x_wconf 89' lang='lat' dir='ltr'><strong>etiam</strong></span> <span class='ocrx_word' id='word_1_136' title='bbox 684 2360 819 2422; x_wconf 87' lang='lat' dir='ltr'><strong>numina</strong></span> <span class='ocrx_word' id='word_1_137' title='bbox 852 2347 960 2422; x_wconf 90' lang='lat' dir='ltr'><strong>omnia</strong></span> <span class='ocrx_word' id='word_1_138' title='bbox 983 2370 1015 2424; x_wconf 89' lang='lat' dir='ltr'><strong>et</strong></span> <span class='ocrx_word' id='word_1_139' title='bbox 1040 2341 1158 2472; x_wconf 77' lang='lat' dir='ltr'><strong>iprum¹</strong></span> 
     </span>
     <span class='ocr_line' id='line_1_18' title="bbox 51 2475 1146 2568; baseline -0.011 -16"><span class='ocrx_word' id='word_1_140' title='bbox 51 2492 167 2552; x_wconf 83' lang='lat' dir='ltr'><strong>Jovem</strong></span> <span class='ocrx_word' id='word_1_141' title='bbox 187 2491 282 2568; x_wconf 87' lang='lat' dir='ltr'><strong>partu</strong></span> <span class='ocrx_word' id='word_1_142' title='bbox 302 2478 441 2557; x_wconf 89' lang='lat' dir='ltr'><strong>edidit,</strong></span> <span class='ocrx_word' id='word_1_143' title='bbox 459 2498 561 2566; x_wconf 84' lang='lat' dir='ltr'><strong>eaque</strong></span> <span class='ocrx_word' id='word_1_144' title='bbox 579 2475 724 2558; x_wconf 80' lang='lat' dir='ltr'><strong>numina,</strong></span> <span class='ocrx_word' id='word_1_145' title='bbox 744 2497 884 2562; x_wconf 85' lang='lat' dir='ltr'><strong>qnorum</strong></span> <span class='ocrx_word' id='word_1_146' title='bbox 899 2477 1000 2540; x_wconf 86' lang='lat' dir='ltr'><strong>fracta</strong></span> <span class='ocrx_word' id='word_1_147' title='bbox 1022 2489 1070 2542; x_wconf 86' lang='lat' dir='ltr'><strong>est</strong></span> <span class='ocrx_word' id='word_1_148' title='bbox 1090 2499 1146 2566; x_wconf 92' lang='lat' dir='ltr'><strong>po·</strong></span> 
     </span>
     <span class='ocr_line' id='line_1_19' title="bbox 53 2592 1146 2683; baseline -0.007 -19"><span class='ocrx_word' id='word_1_149' title='bbox 53 2599 176 2672; x_wconf 89' lang='lat' dir='ltr'><strong>tentia,</strong></span> <span class='ocrx_word' id='word_1_150' title='bbox 200 2618 295 2681; x_wconf 89' lang='lat' dir='ltr'><strong>quae</strong></span> <span class='ocrx_word' id='word_1_151' title='bbox 292 2593 382 2654; x_wconf 90' lang='lat' dir='ltr'><strong>nibil</strong></span> <span class='ocrx_word' id='word_1_152' title='bbox 408 2592 543 2683; x_wconf 83' lang='lat' dir='ltr'><strong>amplius</strong></span> <span class='ocrx_word' id='word_1_153' title='bbox 570 2593 724 2674; x_wconf 52' lang='lat' dir='ltr'><strong>ualents</strong></span> <span class='ocrx_word' id='word_1_154' title='bbox 715 2616 748 2654; x_wconf 91' lang='grc' dir='ltr'><strong>ιιι</strong></span> <span class='ocrx_word' id='word_1_155' title='bbox 775 2593 844 2679; x_wconf 89' lang='lat' dir='ltr'><strong>ipsa</strong></span> <span class='ocrx_word' id='word_1_156' title='bbox 868 2602 954 2677; x_wconf 65' lang='lat' dir='ltr'><strong>terya</strong></span> <span class='ocrx_word' id='word_1_157' title='bbox 970 2591 1146 2694; x_wconf 85' lang='lat' dir='ltr'><strong>jacentiu-</strong></span> 
     </span>
     <span class='ocr_line' id='line_1_20' title="bbox 53 2708 1147 2794; baseline -0.001 -13"><span class='ocrx_word' id='word_1_158' title='bbox 53 2719 155 2781; x_wconf 89' lang='lat' dir='ltr'><strong>clusa.</strong></span> <span class='ocrx_word' id='word_1_159' title='bbox 207 2710 398 2777; x_wconf 75' lang='lat' dir='ltr'><strong>Videbimus</strong></span> <span class='ocrx_word' id='word_1_160' title='bbox 422 2708 539 2791; x_wconf 81' lang='lat' dir='ltr'><strong>igitur,</strong></span> <span class='ocrx_word' id='word_1_161' title='bbox 561 2711 724 2794; x_wconf 87' lang='lat' dir='ltr'><strong>quomodo</strong></span> <span class='ocrx_word' id='word_1_162' title='bbox 749 2722 871 2772; x_wconf 86' lang='lat' dir='ltr'><strong>eterra</strong></span> <span class='ocrx_word' id='word_1_163' title='bbox 893 2711 1000 2774; x_wconf 87' lang='lat' dir='ltr'><strong>omnia</strong></span> <span class='ocrx_word' id='word_1_164' title='bbox 1014 2717 1147 2780; x_wconf 88' lang='lat' dir='ltr'><strong>numina</strong></span> 
     </span>
     <span class='ocr_line' id='line_1_21' title="bbox 53 2809 1148 2920; baseline 0.005 -25"><span class='ocrx_word' id='word_1_165' title='bbox 53 2809 230 2920; x_wconf 84' lang='lat' dir='ltr'><strong>prodeant,</strong></span> <span class='ocrx_word' id='word_1_166' title='bbox 259 2825 440 2910; x_wconf 87' lang='lat' dir='ltr'><strong>quomodo,</strong></span> <span class='ocrx_word' id='word_1_167' title='bbox 457 2825 544 2914; x_wconf 51' lang='lat' dir='ltr'><strong>¹(lum</strong></span> <span class='ocrx_word' id='word_1_168' title='bbox 576 2843 663 2888; x_wconf 82' lang='lat' dir='ltr'><strong>nora</strong></span> <span class='ocrx_word' id='word_1_169' title='bbox 688 2824 867 2909; x_wconf 88' lang='lat' dir='ltr'><strong>prodeunt,</strong></span> <span class='ocrx_word' id='word_1_170' title='bbox 900 2830 1084 2912; x_wconf 83' lang='lat' dir='ltr'><strong>antiquiora</strong></span> <span class='ocrx_word' id='word_1_171' title='bbox 1112 2837 1148 2900; x_wconf 89' lang='lat' dir='ltr'><strong>in</strong></span> 
     </span>
     <span class='ocr_line' id='line_1_22' title="bbox 53 2941 1149 3020; baseline 0.003 -9"><span class='ocrx_word' id='word_1_172' title='bbox 53 2949 301 3012; x_wconf 74' lang='lat' dir='ltr'><strong>subterraneam</strong></span> <span class='ocrx_word' id='word_1_173' title='bbox 320 2941 532 3004; x_wconf 85' lang='lat' dir='ltr'><strong>detrudantur</strong></span> <span class='ocrx_word' id='word_1_174' title='bbox 559 2941 747 3004; x_wconf 84' lang='lat' dir='ltr'><strong>custodiam.</strong></span> <span class='ocrx_word' id='word_1_175' title='bbox 797 2941 989 3010; x_wconf 79' lang='lat' dir='ltr'><strong>Videbimus</strong></span> <span class='ocrx_word' id='word_1_176' title='bbox 1011 2949 1044 3012; x_wconf 88' lang='lat' dir='ltr'><strong>in</strong></span> <span class='ocrx_word' id='word_1_177' title='bbox 1065 2975 1149 3020; x_wconf 87' lang='lat' dir='ltr'><strong>uuo.</strong></span> 
     </span>
     <span class='ocr_line' id='line_1_23' title="bbox 55 3057 1225 3154; baseline 0.003 -29"><span class='ocrx_word' id='word_1_178' title='bbox 55 3084 192 3148; x_wconf 84' lang='lat' dir='ltr'><strong>quoque</strong></span> <span class='ocrx_word' id='word_1_179' title='bbox 209 3060 384 3122; x_wconf 83' lang='lat' dir='ltr'><strong>deornm⁰</strong></span> <span class='ocrx_word' id='word_1_180' title='bbox 366 3078 484 3138; x_wconf 84' lang='lat' dir='ltr'><strong>genere</strong></span> <span class='ocrx_word' id='word_1_181' title='bbox 507 3057 630 3119; x_wconf 86' lang='lat' dir='ltr'><strong>adesse</strong></span> <span class='ocrx_word' id='word_1_182' title='bbox 643 3067 676 3120; x_wconf 91' lang='lat' dir='ltr'><strong>et</strong></span> <span class='ocrx_word' id='word_1_183' title='bbox 689 3057 801 3142; x_wconf 82' lang='lat' dir='ltr'><strong>juvare</strong></span> <span class='ocrx_word' id='word_1_184' title='bbox 816 3061 980 3127; x_wconf 78' lang='lat' dir='ltr'><strong>Tellurem</strong></span> <span class='ocrx_word' id='word_1_185' title='bbox 996 3078 1148 3154; x_wconf 86' lang='lat' dir='ltr'><strong>matrem,</strong></span> <span class='ocrx_word' id='word_1_186' title='bbox 1222 3123 1225 3128; x_wconf 84' lang='lat'><em>.</em></span> 
     </span>
     <span class='ocr_line' id='line_1_24' title="bbox 56 3171 1231 3289; baseline 0.009 -49"><span class='ocrx_word' id='word_1_187' title='bbox 56 3202 143 3264; x_wconf 86' lang='lat' dir='ltr'><strong>quae</strong></span> <span class='ocrx_word' id='word_1_188' title='bbox 168 3178 273 3272; x_wconf 85' lang='lat' dir='ltr'><strong>primo</strong></span> <span class='ocrx_word' id='word_1_189' title='bbox 300 3173 391 3246; x_wconf 86' lang='lat' dir='ltr'><strong>boc</strong></span> <span class='ocrx_word' id='word_1_190' title='bbox 383 3195 453 3269; x_wconf 78' lang='lat' dir='ltr'><strong>ipso</strong></span> <span class='ocrx_word' id='word_1_191' title='bbox 474 3173 608 3244; x_wconf 78' lang='lat' dir='ltr'><strong>nomine</strong></span> <span class='ocrx_word' id='word_1_192' title='bbox 638 3171 854 3282; x_wconf 71' lang='lat' dir='ltr'><strong>significatur,</strong></span> <span class='ocrx_word' id='word_1_193' title='bbox 888 3175 1012 3289; x_wconf 66' lang='lat' dir='ltr'><strong>Xdoiv,</strong></span> <span class='ocrx_word' id='word_1_194' title='bbox 1042 3187 1114 3248; x_wconf 83' lang='grc' dir='ltr'><strong>Γ</strong></span> <span class='ocrx_word' id='word_1_195' title='bbox 1073 3209 1147 3271; x_wconf 78' lang='lat' dir='ltr'><strong>otu,</strong></span> <span class='ocrx_word' id='word_1_196' title='bbox 1230 3205 1231 3214; x_wconf 74' lang='grc'>’</span> 
     </span>
     <span class='ocr_line' id='line_1_25' title="bbox 58 3267 1162 3376; baseline 0.007 -16"><span class='ocrx_word' id='word_1_197' title='bbox 58 3295 180 3360; x_wconf 86' lang='lat' dir='ltr'><strong>deinde</strong></span> <span class='ocrx_word' id='word_1_198' title='bbox 209 3291 340 3354; x_wconf 90' lang='lat' dir='ltr'><strong>nomine</strong></span> <span class='ocrx_word' id='word_1_199' title='bbox 355 3267 539 3370; x_wconf 80' lang='lat' dir='ltr'><strong>Themidis,</strong></span> <span class='ocrx_word' id='word_1_200' title='bbox 558 3291 678 3376; x_wconf 86' lang='lat' dir='ltr'><strong>quippe</strong></span> <span class='ocrx_word' id='word_1_201' title='bbox 697 3315 780 3376; x_wconf 90' lang='lat' dir='ltr'><strong>quae</strong></span> <span class='ocrx_word' id='word_1_202' title='bbox 797 3295 949 3358; x_wconf 83' lang='grc' dir='ltr'>οιιιιιίιιιιι</span> <span class='ocrx_word' id='word_1_203' title='bbox 970 3303 1091 3366; x_wconf 78' lang='lat' dir='ltr'><strong>semina</strong></span> <span class='ocrx_word' id='word_1_204' title='bbox 1112 3304 1162 3368; x_wconf 73' lang='lat' dir='ltr'><strong>in‘</strong></span> 
     </span>
     <span class='ocr_line' id='line_1_26' title="bbox 59 3407 1235 3512; baseline 0.011 -38"><span class='ocrx_word' id='word_1_205' title='bbox 59 3422 165 3477; x_wconf 76' lang='lat' dir='ltr'><strong>semet</strong></span> <span class='ocrx_word' id='word_1_206' title='bbox 187 3411 255 3494; x_wconf 90' lang='lat' dir='ltr'><strong>ipsa</strong></span> <span class='ocrx_word' id='word_1_207' title='bbox 285 3407 401 3469; x_wconf 86' lang='lat' dir='ltr'><strong>babeat</strong></span> <span class='ocrx_word' id='word_1_208' title='bbox 423 3408 611 3493; x_wconf 86' lang='lat' dir='ltr'><strong>conjuncta,</strong></span> <span class='ocrx_word' id='word_1_209' title='bbox 644 3408 753 3492; x_wconf 85' lang='lat' dir='ltr'><strong>itaque</strong></span> <span class='ocrx_word' id='word_1_210' title='bbox 776 3433 870 3474; x_wconf 89' lang='lat' dir='ltr'><strong>omne</strong></span> <span class='ocrx_word' id='word_1_211' title='bbox 898 3411 1148 3512; x_wconf 12' lang='lat' dir='ltr'><strong>juopdivinum,</strong></span> <span class='ocrx_word' id='word_1_212' title='bbox 1233 3495 1235 3500; x_wconf 82' lang='lat'><em>.</em></span> 
     </span>
     <span class='ocr_line' id='line_1_27' title="bbox 58 3518 1149 3628; baseline 0.015 -42"><span class='ocrx_word' id='word_1_213' title='bbox 58 3532 176 3612; x_wconf 84' lang='lat' dir='ltr'><strong>itaquo</strong></span> <span class='ocrx_word' id='word_1_214' title='bbox 201 3537 237 3588; x_wconf 83' lang='lat' dir='ltr'><strong>nt</strong></span> <span class='ocrx_word' id='word_1_215' title='bbox 256 3518 487 3607; x_wconf 77' lang='grc' dir='ltr'>πρωτόμαντις,</span> <span class='ocrx_word' id='word_1_216' title='bbox 525 3525 563 3590; x_wconf 87' lang='grc' dir='ltr'><strong>Ε.</strong></span> <span class='ocrx_word' id='word_1_217' title='bbox 577 3533 599 3592; x_wconf 79' lang='lat'><strong>2</strong></span> <span class='ocrx_word' id='word_1_218' title='bbox 609 3565 622 3600; x_wconf 80' lang='lat'><strong>,</strong></span> <span class='ocrx_word' id='word_1_219' title='bbox 648 3527 757 3589; x_wconf 85' lang='lat' dir='ltr'><strong>omnia</strong></span> <span class='ocrx_word' id='word_1_220' title='bbox 777 3527 857 3590; x_wconf 88' lang='lat' dir='ltr'><strong>sciat</strong></span> <span class='ocrx_word' id='word_1_221' title='bbox 886 3540 918 3628; x_wconf 86' lang='lat' dir='ltr'><strong>et</strong></span> <span class='ocrx_word' id='word_1_222' title='bbox 934 3533 1149 3620; x_wconf 79' lang='lat' dir='ltr'><strong>vaticinetur,</strong></span> 
     </span>
     <span class='ocr_line' id='line_1_28' title="bbox 57 3643 1151 3734; baseline 0.006 -24"><span class='ocrx_word' id='word_1_223' title='bbox 57 3669 148 3734; x_wconf 88' lang='lat' dir='ltr'><strong>quae</strong></span> <span class='ocrx_word' id='word_1_224' title='bbox 175 3643 237 3708; x_wconf 90' lang='lat' dir='ltr'><strong>diis</strong></span> <span class='ocrx_word' id='word_1_225' title='bbox 257 3652 419 3704; x_wconf 84' lang='lat' dir='ltr'><strong>eventura</strong></span> <span class='ocrx_word' id='word_1_226' title='bbox 434 3652 510 3706; x_wconf 86' lang='lat' dir='ltr'><strong>sunt</strong></span> <span class='ocrx_word' id='word_1_227' title='bbox 530 3654 563 3704; x_wconf 91' lang='lat' dir='ltr'><strong>et</strong></span> <span class='ocrx_word' id='word_1_228' title='bbox 584 3665 666 3726; x_wconf 89' lang='lat' dir='ltr'><strong>quae</strong></span> <span class='ocrx_word' id='word_1_229' title='bbox 684 3643 729 3705; x_wconf 89' lang='lat' dir='ltr'><strong>dii</strong></span> <span class='ocrx_word' id='word_1_230' title='bbox 747 3655 822 3706; x_wconf 88' lang='lat' dir='ltr'><strong>sunt</strong></span> <span class='ocrx_word' id='word_1_231' title='bbox 840 3649 1053 3720; x_wconf 84' lang='lat' dir='ltr'><strong>constituturi.</strong></span> <span class='ocrx_word' id='word_1_232' title='bbox 1089 3655 1151 3716; x_wconf 90' lang='lat' dir='ltr'><strong>Ea·</strong></span> 
     </span>
     <span class='ocr_line' id='line_1_29' title="bbox 59 3759 1246 3878; baseline 0.004 -47"><span class='ocrx_word' id='word_1_233' title='bbox 59 3775 139 3835; x_wconf 82' lang='lat' dir='ltr'><strong>dem</strong></span> <span class='ocrx_word' id='word_1_234' title='bbox 164 3765 279 3864; x_wconf 83' lang='lat' dir='ltr'><strong>Tellus</strong></span> <span class='ocrx_word' id='word_1_235' title='bbox 297 3763 399 3824; x_wconf 84' lang='lat' dir='ltr'><strong>mater</strong></span> <span class='ocrx_word' id='word_1_236' title='bbox 421 3762 508 3823; x_wconf 87' lang='lat' dir='ltr'><strong>Jovis</strong></span> <span class='ocrx_word' id='word_1_237' title='bbox 530 3771 631 3822; x_wconf 86' lang='lat' dir='ltr'><strong>mater</strong></span> <span class='ocrx_word' id='word_1_238' title='bbox 656 3759 774 3824; x_wconf 89' lang='lat' dir='ltr'><strong>dicitur</strong></span> <span class='ocrx_word' id='word_1_239' title='bbox 794 3764 854 3861; x_wconf 78' lang='lat' dir='ltr'><strong>sub</strong></span> <span class='ocrx_word' id='word_1_240' title='bbox 876 3767 1007 3830; x_wconf 86' lang='lat' dir='ltr'><strong>nomine</strong></span> <span class='ocrx_word' id='word_1_241' title='bbox 997 3772 1148 3878; x_wconf 74' lang='lat' dir='ltr'><strong>Rheae,</strong></span> <span class='ocrx_word' id='word_1_242' title='bbox 1244 3771 1246 3776; x_wconf 66' lang='grc'><strong>’</strong></span> 
     </span>
     <span class='ocr_line' id='line_1_30' title="bbox 57 3874 1150 3976; baseline 0.007 -35"><span class='ocrx_word' id='word_1_243' title='bbox 57 3891 176 3954; x_wconf 63' lang='lat' dir='ltr'><strong>eadem</strong></span> <span class='ocrx_word' id='word_1_244' title='bbox 201 3898 362 3972; x_wconf 73' lang='lat' dir='ltr'><strong>postremo</strong></span> <span class='ocrx_word' id='word_1_245' title='bbox 386 3882 420 3943; x_wconf 89' lang='lat' dir='ltr'><strong>in</strong></span> <span class='ocrx_word' id='word_1_246' title='bbox 445 3874 671 3976; x_wconf 87' lang='lat' dir='ltr'><strong>Olympiorum</strong></span> <span class='ocrx_word' id='word_1_247' title='bbox 694 3901 827 3942; x_wconf 87' lang='lat' dir='ltr'><strong>numero</strong></span> <span class='ocrx_word' id='word_1_248' title='bbox 840 3852 1068 3964; x_wconf 86' lang='lat' dir='ltr'><strong>proceditsub</strong></span> <span class='ocrx_word' id='word_1_249' title='bbox 1093 3914 1150 3958; x_wconf 79' lang='lat' dir='ltr'><strong>no.</strong></span> 
     </span>
     <span class='ocr_line' id='line_1_31' title="bbox 28 3986 1235 4082; baseline 0.016 -35"><span class='ocrx_word' id='word_1_250' title='bbox 28 4033 31 4047; x_wconf 56' lang='lat'><strong>,</strong></span> <span class='ocrx_word' id='word_1_251' title='bbox 57 4008 151 4068; x_wconf 66' lang='lat' dir='ltr'><strong>mine</strong></span> <span class='ocrx_word' id='word_1_252' title='bbox 174 4005 314 4068; x_wconf 62' lang='lat' dir='ltr'><strong>cereris</strong></span> <span class='ocrx_word' id='word_1_253' title='bbox 354 3999 449 4080; x_wconf 85' lang='lat' dir='ltr'><strong>Quae</strong></span> <span class='ocrx_word' id='word_1_254' title='bbox 478 4004 585 4054; x_wconf 90' lang='lat' dir='ltr'><strong>tamen</strong></span> <span class='ocrx_word' id='word_1_255' title='bbox 606 3993 684 4054; x_wconf 86' lang='lat' dir='ltr'><strong>licet</strong></span> <span class='ocrx_word' id='word_1_256' title='bbox 704 3986 864 4079; x_wconf 85' lang='lat' dir='ltr'><strong>nuncpro</strong></span> <span class='ocrx_word' id='word_1_257' title='bbox 886 3999 1031 4082; x_wconf 80' lang='lat' dir='ltr'><strong>pluribus</strong></span> <span class='ocrx_word' id='word_1_258' title='bbox 1054 4010 1166 4075; x_wconf 45' lang='lat' dir='ltr'><strong>nnius*</strong></span> <span class='ocrx_word' id='word_1_259' title='bbox 1233 4047 1235 4066; x_wconf 64' lang='grc' dir='ltr'><strong>ι</strong></span> 
     </span>
     <span class='ocr_line' id='line_1_32' title="bbox 54 4075 1184 4208; baseline 0.004 -22"><span class='ocrx_word' id='word_1_260' title='bbox 54 4125 187 4186; x_wconf 80' lang='lat' dir='ltr'><strong>formae</strong></span> <span class='ocrx_word' id='word_1_261' title='bbox 208 4119 393 4184; x_wconf 82' lang='lat' dir='ltr'><strong>nominibus</strong></span> <span class='ocrx_word' id='word_1_262' title='bbox 422 4075 599 4174; x_wconf 76' lang='lat' dir='ltr'><strong>habeantur</strong></span> <span class='ocrx_word' id='word_1_263' title='bbox 620 4110 661 4172; x_wconf 89' lang='lat' dir='ltr'><strong>ab</strong></span> <span class='ocrx_word' id='word_1_264' title='bbox 682 4109 863 4208; x_wconf 73' lang='lat' dir='ltr'><strong>Aeacbylo,</strong></span> <span class='ocrx_word' id='word_1_265' title='bbox 883 4103 979 4198; x_wconf 70' lang='lat' dir='ltr'><strong>nuuc</strong></span> <span class='ocrx_word' id='word_1_266' title='bbox 994 4127 1148 4205; x_wconf 78' lang='lat' dir='ltr'><strong>quoniam</strong></span> <span class='ocrx_word' id='word_1_267' title='bbox 1182 4189 1184 4198; x_wconf 77' lang='grc'>,</span> 
     </span>
    </p>
   </div>
   <div class='ocr_carea' id='block_1_11' title="bbox 0 0 1412 5018">
    <p class='ocr_par' dir='ltr' id='par_1_11' title="bbox 0 0 1412 5018">
     <span class='ocr_line' id='line_1_33' title="bbox 0 0 1412 5018; baseline 0 0"><span class='ocrx_word' id='word_1_268' title='bbox 0 0 1412 5018; x_wconf 95' lang='lat' dir='ltr'><strong> </strong></span> 
     </span>
    </p>
   </div>
  </div>
 </body>
</html>
