2656 5014
467 1170 676 1270 CAPUT
717 1173 1021 1270 TERTIUM.

303 1323 308 1328 ι
370 1392 477 1487 Dii
513 1395 573 1487 in
602 1388 841 1519 subulis
883 1411 1125 1527 agentes.

568 1616 599 1691 I.
649 1614 906 1691 Prometheus.

728 1957 788 2030 29.

206 2164 398 2301 Quidquid
414 2215 455 2280 de
472 2215 788 2302 religiosoheschyli
812 2240 886 2305 erga
907 2218 983 2282 deos
1004 2215 1111 2280 animo
1132 2217 1287 2294 statueris,

147 2391 149 2396 ,
205 2306 368 2394 incertum
391 2353 459 2394 esse
480 2329 673 2415 judicabunt
698 2333 847 2417 plerique
870 2333 1038 2412 homines,
1061 2333 1165 2404 donec
1183 2333 1226 2396 de
1248 2354 1285 2394 rr-

204 2466 242 2508 ru
261 2447 417 2510 interiore
430 2421 614 2511 Promethei
635 2449 760 2511 ratione
784 2453 988 2513 convenerit.
1030 2449 1194 2538 Siquidem
1216 2446 1281 2512 hard

208 2563 397 2646 negandum
435 2575 505 2640 est,
533 2549 591 2651 pro
618 2587 735 2648 magno
762 2563 847 2627 hanc
880 2565 1077 2649 tragoediam
1106 2567 1288 2652 propositam

208 2700 279 2743 esse
315 2680 515 2764 aenigmate,
548 2681 672 2770 quippe
702 2702 784 2765 qnae
813 2681 992 2765 principale
1018 2680 1121 2760 illud,
1149 2681 1183 2743 in
1214 2677 1289 2764 quod
1316 2729 1317 2779 ,

209 2798 314 2861 omnis
348 2798 515 2862 meditatio
542 2777 706 2879 incurrit,
735 2799 903 2884 aenigma,
937 2799 1078 2884 positum
1099 2799 1133 2859 in
1160 2799 1289 2872 ratione,
1316 2783 1317 2868 l

210 2936 293 2999 quae
323 2917 410 2978 inter
438 2916 627 2980 libertatem
646 2916 773 2978 homiui
800 2918 944 3010 innatam
966 2916 1173 3010 divinamque
1194 2935 1290 2978 reruu

207 3031 424 3110 humansrum
437 3032 705 3117 gubernationem
720 3007 912 3112 intercedit,
936 3034 1099 3097 exhibeat.
1115 3032 1198 3112 Quin
1213 3033 1291 3095 solu
1316 3059 1317 3100 r

210 3156 281 3213 tum
300 3147 420 3211 sithoc
438 3150 586 3235 aenigma
604 3150 644 3211 ab
662 3150 825 3235 Aeschylo
850 3151 883 3211 in
902 3149 1096 3214 Prometheo
1115 3149 1290 3229 soluto,ri1
1316 3119 1317 3210 l

102 3257 103 3260 ,
212 3257 429 3347 ᾷαῢίαωὲεεο
443 3260 565 3351 potest;
588 3266 679 3349 atqui
692 3266 815 3328 interiit
825 3266 905 3368 huec
920 3267 1040 3345 fabula,
1059 3287 1212 3352 perpauca
1225 3272 1291 3332 sunt

212 3393 350 3460 servata,
365 3375 457 3467 'quae
482 3405 597 3469 perse
620 3381 705 3444 nihil
733 3382 812 3470 certi
842 3381 1088 3460 demonstrant,
1112 3393 1208 3447 exstat
1224 3404 1289 3450 vero

211 3501 424 3565 Prometheus
443 3485 595 3580 ¹vinctus,
616 3491 745 3584 in'quu
766 3495 835 3563 sine
857 3499 925 3562 ulla
948 3499 1121 3574 timiditate
1141 3473 1290 3564 aeternum

212 3614 297 3679 illud
318 3626 480 3681 certamen
499 3618 644 3681 numinis
671 3586 773 3680 divini
797 3639 871 3680 cum
899 3637 1018 3700 genere
1034 3615 1175 3677 humano
1189 3615 1290 3678 adum·

213 3731 340 3801 brutum
370 3745 428 3797 est.
468 3737 581 3818 Neque
601 3735 773 3813 miramur,
803 3735 966 3818 elingens
999 3733 1056 3794 illa
1079 3735 1127 3795 ris
1162 3707 1289 3816 poetica,

183 3907 186 3913 .
215 3869 279 3930 qua
301 3859 464 3922 certamen
486 3849 633 3912 tractavit
647 3849 843 3935 Aeschylus,
864 3849 917 3910 vel
938 3847 1080 3910 turbavit
1100 3849 1213 3926 ahimos
1225 3849 1288 3930 ple·

215 3978 333 4056 rosque
358 3965 410 4028 vel
435 3966 479 4028 ita
510 3966 635 4044 tenuit,
672 3976 709 4031 ut
743 3962 1033 4046 obliviscerentur,
1068 3967 1148 4048 p'acc
1172 3961 1288 4034 ,demum
1316 4029 1317 4060 ,

215 4077 300 4140 lacta
322 4101 452 4183 prorsus
466 4106 484 4146 a
508 4083 601 4146 nohis
617 4081 776 4176 intelligi,
799 4077 885 4174 quid
901 4078 1017 4160 juverit
1031 4079 1165 4182 bellum.
