2656 5014
601 411 651 438 ⁶-
702 383 870 460 166,-

214 611 278 689 que
300 605 338 667 nt
359 601 394 663 in
418 598 666 686 Agamemnonis
699 599 789 665 exitu
809 595 941 662 dubium
962 614 1030 662 esse
1059 615 1125 659 non
1148 605 1262 680 poterat,

128 703 131 709 ’
212 717 294 802 quin
312 716 395 779 ultio
417 724 544 778 maneat
556 715 866 800 Clytaemnestram,
889 713 934 776 ita
949 730 1036 778 nuno
1053 713 1094 800 de
1105 709 1224 776 Orestis
1238 735 1266 775 n·
1312 765 1313 772 ,

206 833 278 894 l'ute
301 829 441 895 dubitari
464 851 530 893 non
551 841 666 917 puteat,
689 843 764 896 cunr
787 827 925 914 optimus
942 838 1085 893 serrator
1100 836 1135 891 et
1149 825 1271 890 lustrator

157 951 168 986 l
210 945 252 1011 sit
271 947 400 1031 Apollo.
447 949 535 1013 Haeo
568 948 668 1032 igitur
688 945 851 1032 tragoedia
876 957 941 1012 tam
971 943 1056 1010 laeta
1087 963 1143 1028 spe
1163 941 1272 1021 finitur,
1312 999 1313 1038 p

211 1083 308 1146 quam
326 1063 424 1126 tristis
457 1073 525 1127 erat
558 1043 918 1149 finisdgnmerunouis:
946 1059 979 1125 i'd
1013 1058 1103 1146 quod
1125 1041 1274 1140 utrumque

210 1179 356 1242 concinit
385 1200 457 1243 aum
481 1169 668 1245 numinibus
690 1181 850 1260 deorum,
884 1177 942 1263 qul
963 1177 998 1238 in
1022 1183 1159 1259 utraque
1189 1169 1275 1234 labala

209 1295 407 1380 praevalent.
458 1285 579 1361 Tamen
616 1293 835 1380 maximopere
864 1291 982 1356 intenti
1002 1300 1158 1355 tenentur
1177 1280 1274 1365 animi,

211 1419 421 1492 quaerentes,
460 1433 600 1496 quanam
635 1411 777 1496 deniqne
806 1409 857 1474 via
883 1393 1032 1474 Orestem
1051 1405 1110 1474 ,dii
1144 1400 1277 1469 servaturi

208 1524 404 1623 domumque
426 1537 535 1590 contra
558 1550 685 1592 omnem
704 1523 872 1592 Furiarum
908 1526 1063 1611 impetum
1086 1521 1121 1585 in
1138 1526 1278 1608 posternat

134 1707 136 1722 ,
209 1639 325 1703 luituri
347 1643 411 1706 sint
431 1651 506 1722 (ποῖ
523 1643 601 1730 δῆτα
627 1647 753 1728 κρανεῖ,
778 1647 837 1705 ποῖ
860 1627 1029 1728 καζαλῆξει
1056 1631 1278 1721 μετακοιμισθὲν

207 1754 303 1836 parag
324 1747 420 1858 ἶξϊης,
444 1761 551 1838 1075).
590 1759 781 1823 Hominibus
802 1739 903 1845 igitur
939 1757 975 1819 in
993 1743 1055 1818 hae
1078 1774 1116 1820 re
1134 1749 1214 1816 nibil
1227 1767 1275 1810 am·

207 1869 296 1954 plius
315 1877 475 1958 agendum
504 1887 568 1958 est,
600 1877 779 1964 litigaturus
806 1887 854 1942 est
875 1873 994 1960 Apollo
1022 1893 1099 1937 enm
1126 1867 1275 1940 narnien

211 2010 276 2072 qua
297 1991 354 2054 lite
378 1991 513 2071 diremta
533 1993 656 2086 pendet
684 1995 780 2059 etiam
801 1992 1030 2078 Pelopidarum
1050 1983 1139 2080 salus
1158 1993 1212 2050 nul
1227 1999 1279 2072 per·

212 2123 326 2176 naeres.

725 2271 783 2346 ao.
850 2245 853 2250 ’

524 2462 527 2468 ’
607 2465 907 2582 Eumenides.

297 2680 435 2744 Ineunte
463 2677 571 2742 statim
599 2680 762 2766 tragoedia
789 2678 902 2770 ultima
922 2678 1124 2765 significatur
1142 2675 1221 2743 ratio
1240 2689 1278 2734 nu·

177 2789 182 2808 ‘
212 2793 355 2877 minum,
391 2795 509 2878 quibus
545 2805 649 2883 partes
674 2805 750 2859 snut
777 2794 928 2880 agendae.
981 2795 1010 2858 A
1040 2795 1188 2860 Tellure.
1207 2801 1278 2855 tene·

210 2911 338 2974 buloosa
359 2898 394 2974 ei
412 2931 429 2970 a
449 2909 619 2974 Titanibus
640 2914 807 2974 oraculum
827 2911 941 2974 transit
960 2911 1003 2974 ad
1022 2905 1099 2978 deos
1121 2907 1278 2998 Olympios,
1312 2923 1313 2936 ¹

211 3025 366 3103 Themis,
400 3045 482 3110 qnae
512 3025 579 3111 ipsa
599 3023 650 3108 jus
680 3027 825 3091 divinum
854 3027 888 3089 in
910 3027 1279 3111 se'necontinet,sp011le
1312 3055 1313 3146 p

183 3181 186 3188 ·
211 3159 250 3203 ae
271 3139 410 3204 libenter
430 3141 580 3222 Phoebeo
608 3140 716 3219 cedit,
745 3162 829 3224 qnae
851 3137 985 3206 Phoebo
1012 3165 1101 3209 sacra
1126 3147 1183 3208 illa
1202 3133 1280 3203 rmdit
1312 3151 1313 3232 l

209 3245 385 3341 pro-douo⁸
407 3255 570 3318 natalicio.
610 3254 760 3318 Phoebus
781 3256 896 3320 Loxias
924 3249 1011 3323 lovis
1042 3260 1129 3347 leges
1151 3251 1280 3322 enuntiat

206 3368 289 3453 (17),
311 3372 413 3454 lovis,
431 3373 489 3456 qui
512 3372 681 3436 numinum
692 3372 837 3434 omnium
851 3393 1018 3462 supremus
1036 3388 1082 3440 eat
1095 3379 1188 3454 (28),
1202 3364 1279 3451 Jupi-

206 3489 259 3550 ler
278 3487 346 3573 ipse
364 3489 540 3569 constituit,
561 3489 713 3553 malorem
726 3489 808 3572 patri
829 3510 925 3572 quam
945 3492 1038 3553 matri
1059 3493 1279 3554 honoremessa

206 3603 417 3696 tribuendum
439 3602 538 3684 (oto,
559 3599 641 3698 750),
664 3607 771 3668 aJove
792 3601 949 3688 repetitur
968 3617 1107 3690 potestas
1128 3592 1279 3671 Mercurii,

208 3717 266 3802 qni
292 3722 438 3782 Orestem
460 3721 632 3790 comitatur
650 3727 683 3782 et
714 3721 934 3798 tuetur·(93],
951 3699 1091 3808 ⁴Jupiter
1110 3719 1211 3786 sanxit
1230 3729 1280 3774 11¹³·

207 3832 396 3896 trimoninm
426 3831 525 3916 (9111,
561 3835 661 3910 218),
706 3836 795 3919 quod
837 3837 1006 3899 maculavit
1042 3836 1279 3922 Clytaemnestra
1312 3833 1313 3920 l

205 3949 283 4030 Ug-
315 3949 415 4024 1626;
445 3952 506 4015 Ch.
528 3949 624 4029 917),
655 3951 741 4036 apud
762 3951 893 4031 lovem,
926 3953 959 4014 id
983 3955 1070 4036 quod
1093 3955 1179 4037 ipsae
1200 3938 1277 4032 pYOfi·
1312 3935 1313 4002 l

207 4070 316 4126 lentur
344 4067 484 4149 Furiae,
517 4087 659 4131 summus
675 4066 794 4130 <honor
823 4078 874 4132 est
891 4068 1051 4154 Apollinis
1072 4061 1163 4160 (229)
1175 4091 1183 4148 3
1203 4053 1276 4124 Jovis
1312 4055 1313 4114 Ῑ
