2644 5018
465 1171 674 1270 error
715 1141 1022 1272 TERTIUM.

368 1393 474 1488 Dii
511 1395 570 1488 in
600 1389 839 1520 subulis
881 1413 1140 1528 agentes.

489 1609 492 1614 ’
566 1617 597 1691 I
647 1615 903 1698 Prometheus.

726 1958 785 2031 29.

203 2165 395 2302 Quidquid
412 2216 452 2283 de
469 2216 624 2302 religioso
633 2217 785 2304 Aeschyli
810 2241 883 2306 ergo
905 2219 980 2282 deos
1002 2219 1119 2282 animo
1142 2213 1289 2290 statueris,

144 2391 147 2397 .
203 2307 366 2396 incertum
389 2353 456 2397 esse
478 2331 670 2416 judicabunt
696 2333 844 2418 plerique
868 2334 1037 2416 homines,
1062 2335 1176 2398 donec
1195 2333 1234 2395 de
1252 2350 1289 2390 re·

202 2467 239 2509 ru
258 2447 415 2512 interiore
427 2449 612 2513 Promethei
633 2451 756 2513 ratione
782 2453 985 2514 convenerit.
1028 2452 1205 2542 Siquidem
1224 2441 1283 2510 hell

205 2565 395 2648 negandum
432 2577 502 2642 est,
530 2551 589 2652 pro
616 2589 732 2650 magno
759 2565 844 2628 hanc
878 2567 1079 2650 tragoediam
1110 2563 1288 2654 propositam

206 2702 276 2744 esee
312 2682 513 2766 aenigmate,
546 2683 669 2772 qnippe
699 2703 781 2766 quae
810 2682 989 2766 principale
1016 2682 1126 2762 illud,
1157 2684 1193 2744 in
1222 2669 1290 2760 q11⁰d

206 2799 311 2862 omnis
345 2799 512 2864 meditatio
540 2799 703 2880 incurrit,
732 2800 900 2884 oenigma,
935 2800 1080 2883 positum
1103 2801 1138 2861 in
1168 2796 1288 2862 ratione,

207 2937 290 3000 quae
320 2918 407 2980 inter
436 2917 618 2980 libertatem
643 2917 769 2980 homini
797 2919 942 3010 indutam
963 2917 1180 3012 divinamque
1203 2925 1290 2974 rerum

204 3032 422 3110 humanarum
435 3033 702 3118 gubernationem
717 3007 910 3128 intercedit,
934 3034 1101 3098 exhibeat.
1118 3031 1207 3114 Quin
1221 3025 1291 3090 solu*

206 3157 278 3214 tum
298 3149 417 3212 sithoc
436 3151 583 3236 aenigma
602 3151 641 3212 ab
659 3152 823 3236 Aeschylo
847 3152 880 3212 in
899 3151 1098 3215 Prometheo
1117 3150 1234 3223 soluto,
1248 3137 1288 3203 vi¹

210 3265 344 3350 dubium
355 3259 426 3335 csse
440 3256 562 3352 potest3
585 3266 676 3350 atqui
689 3267 812 3329 interiit
822 3266 902 3331 haec
918 3268 1038 3346 subulo,
1057 3283 1220 3352 perpauco
1232 3257 1290 3322 sunt

209 3393 347 3461 servato,
361 3376 455 3468 'quae
480 3405 538 3469 per
560 3406 594 3448 se
618 3382 704 3446 nihil
730 3383 809 3472 certi
840 3361 1088 3461 demonstrant,
1112 3388 1214 3478 exstat
1229 3388 1287 3440 ver⁰

208 3501 422 3584 Prometheus
440 3485 592 3580 rinctus,
613 3491 742 3585 inque
762 3496 832 3563 uine
854 3500 922 3562 ulle
945 3499 1121 3575 timiditate
1143 3505 1289 3560 aeternum

210 3615 294 3680 illud
315 3626 477 3682 certamen
497 3619 641 3682 numinis
667 3588 770 3680 divini
794 3601 868 3680 cum
896 3637 1015 3700 genere
1031 3615 1176 3678 humano
1192 3608 1288 3706 udum·

210 3733 337 3802 brutum
367 3745 425 3798 est.
465 3738 578 3820 Neque
598 3734 770 3814 miramur,
800 3737 827 3797 si
849 3735 963 3818 ingens
996 3733 1053 3795 illu
1076 3736 1126 3797 vis
1162 3721 1287 3813 poetica,

180 3912 183 3918 ,
212 3872 276 3936 qua
298 3861 460 3923 certamen
483 3851 631 3916 tractavit
644 3850 840 3935 Aeschylus,
862 3848 914 3911 vel
935 3848 1078 3910 turbavit
1098 3848 1217 3908 animos
1229 3833 1287 3919 ple·
1318 3891 1320 3908 r

212 3985 329 4059 rosque
355 3966 477 4031 velita
507 3967 632 4045 tenuit,
669 3977 706 4032 ut
740 3963 1030 4046 obliviscerentur,
1066 3967 1145 4048 p'ace
1169 3955 1285 4028 'demum

211 4081 297 4144 factu
318 4104 481 4168 prorsusu
505 4085 598 4148 nohis
614 4081 773 4176 intelligi,
796 4077 886 4174 quid·
898 4077 1015 4160 juverit
1029 4079 1162 4184 bellum.
