2780 5018
660 383 906 454 ..52-

1274 513 1285 538 o
1363 481 1364 548 l

124 699 126 702 Ι
232 623 317 690 qaae
344 599 513 688 punienda
540 598 662 666 babenl
677 600 815 681 Furiae,
853 599 987 684 praebet
1016 599 1213 686 Aeschylus,
1245 618 1326 682 quiae
1364 576 1365 584 ἵ

228 727 377 784 recenset
398 718 436 780 E.
464 714 539 789 269.
580 716 774 803 Saepissime
805 727 1077 780 commemoratur
1101 717 1249 800 impietas
1277 715 1327 778 ad·
1364 755 1365 760 κ

231 857 342 900 versus
361 844 531 921 parentes,
555 855 639 918 qnae
658 842 729 896 tum
751 834 871 918 Oedipi
888 833 984 914 liliis,
1017 835 1327 925 etsimunnmoon·
1364 841 1365 854 ¹

226 960 418 1035 trapatrem
445 972 510 1014 non
537 951 752 1029 sustulerint,
779 957 849 1014 tum
879 949 988 1014 Oresti
1012 949 1174 1014 miseriem
1202 948 1329 1032 infligit.
1364 923 1366 972 ἶ

189 1083 192 1092 ’
225 1068 403 1154 impietatis
434 1068 533 1131 etiam
561 1076 611 1129 est
641 1054 808 1152 negligere
839 1066 999 1128 ultionem
1024 1039 1189 1150 parentis,
1220 1065 1327 1148 itaque

226 1185 347 1270 Apollo
364 1184 487 1263 Oresti,
502 1183 530 1245 si
552 1190 674 1268 patrem
688 1167 897 1266 neglecturus
919 1183 978 1261 sit,
999 1183 1140 1244 minatur
1156 1175 1329 1264 προςβολάς

215 1287 382 1384 Ἐρινύων,
399 1299 548 1384 profecto
560 1298 647 1360 hund
659 1297 766 1362 minus
776 1297 950 1379 terribiles,
967 1321 1065 1382 qnam
1084 1297 1204 1381 quibus
1219 1281 1328 1382 postea

221 1425 356 1510 propter
383 1413 492 1476 matris
516 1413 728 1498 parricidium
752 1421 906 1508 vexatur,
937 1414 998 1480 Cb.
1017 1409 1233 1492 271-296,
1267 1411 1329 1482 925

220 1526 297 1638 (τάς
312 1524 501 1613 τοῦπατρὸς
516 1528 551 1591 δὲ
563 1531 631 1602 πῶς
642 1503 739 1614 moysi
756 1525 876 1612 rupeis·
890 1522 1007 1614 adsim).
1025 1564 1064 1580 ·-
1081 1527 1264 1615 impietatis
1279 1531 1328 1593 ad·

219 1640 499 1731 varsirsbospitem
511 1646 923 1731 clarissimnmexemplom
941 1646 1031 1709 dedit
1044 1647 1145 1728 Paris,
1167 1647 1226 1731 Ag.
1248 1645 1327 1718 362,
1366 1671 1367 1702 l

220 1765 302 1840 399,
338 1765 415 1831 7022
438 1736 503 1846 qua
524 1762 565 1825 de
583 1782 679 1825 censa
701 1762 772 1825 eius
785 1783 913 1825 carmen
932 1762 1077 1846 nuptiale
1098 1763 1131 1822 in
1158 1763 1328 1847 planctum
1367 1733 1368 1748 i

218 1878 377 1964 pervertit
396 1878 515 1958 Furia,
535 1880 596 1964 Ag.
619 1883 690 1952 799.
711 1879 796 1960 Erga
822 1879 898 1970 deos
917 1879 1121 1963 peccatoria
1141 1879 1327 1944 evertendis

218 1995 281 2060 aris
303 1995 476 2080 Troianis,
497 1995 587 2079 qnod
608 1995 735 2080 saepius
761 1996 939 2059 indicatum
960 1999 1031 2080 (bg.
1059 1999 1144 2074 338,
1165 1999 1243 2082 527)
1257 2000 1328 2058 Fu·

217 2112 288 2194 riae
314 2111 458 2198 puniunt
482 2109 596 2186 (695)
626 2131 691 2196 per
711 2111 803 2172 illam
826 2118 1047 2194 tempestatem
1083 2110 1141 2174 otiu
1172 2105 1330 2193 ἀμήνιτον
1368 2120 1369 2194 l

223 2231 331 2308 θεοῖς,
354 2229 440 2306 699,
476 2229 519 2290 cl.
541 2223 616 2296 695.
657 2227 772 2291 Simile
803 2230 988 2313 exemplum
1011 2229 1167 2314 praebent
1186 2230 1330 2307 Persae,
1368 2217 1369 2224 ἵ

94 2371 98 2376 ·
219 2345 279 2429 qni
310 2345 444 2407 aras'et-
458 2342 580 2427 templa
610 2345 739 2408 Graeca·
764 2355 911 2406 evertunt
927 2348 963 2412 P.
979 2344 1191 2421 Sos—828,
1218 2315 1328 2406 simile

220 2461 387 2547 Lycurgus
408 2447 452 2522 'et
485 2456 650 2520 Pentheus
677 2457 712 2518 in
745 2458 921 2542 tragoediis
944 2459 1120 2521 adliaoobi
1142 2477 1193 2520 res
1216 2469 1324 2542 gestas
1369 2505 1370 2526 i

219 2576 467 2666 pertinentibus.
515 2575 563 2638 Ne
589 2555 710 2638 liberos
736 2574 891 2658 quidem,
927 2575 953 2637 si
975 2597 992 2636 a
1014 2574 1201 2658 parentibus
1220 2573 1324 2659 impie
1369 2551 1370 2630 i

220 2702 417 2771 tractantur,
440 2691 551 2754 deficit
565 2690 648 2752 ultio
664 2691 855 2768 Furiarum,
873 2711 952 2772 quas
975 2691 1228 2774 Clytaemnestra
1249 2715 1325 2754 sus·
1369 2756 1370 2780 ,

223 2810 300 2871 citat
318 2808 358 2870 ad
371 2808 549 2870 vindictum
565 2806 753 2870 sumendam
770 2807 810 2869 de
829 2829 909 2896 nece
924 2807 1112 2892 Iphigeniae
1122 2855 1132 2886 ,
1148 2814 1209 2892 Ag.
1224 2811 1323 2888 1933,
1369 2793 1370 2796 ¹

221 2926 324 3004 1398,
346 2923 448 3003 1527,
482 2946 579 3008 quam
597 2925 698 3008 ipsam
714 2935 821 2986 mente
846 2947 911 2986 non
935 2907 1091 2989 incolumi
1116 2924 1155 2986 ab
1171 2924 1323 3005 insania,

194 3062 197 3072 ·
221 3065 317 3129 qnam
339 3041 458 3105 Furiae
477 3032 627 3117 mittunt,
649 3053 818 3124 paraverat
835 3043 1078 3128 Agamemnon,
1099 3042 1159 3124 Ag·
1180 3043 1265 3108 22³:
1289 3044 1324 3104 in

221 3160 315 3225 euius
331 3160 461 3238 domum
481 3168 612 3243 propter
631 3167 756 3222 vetusta
773 3159 921 3244 Thyestis
940 3169 974 3221 et
986 3158 1079 3221 Atrei
1096 3157 1219 3219 scelera
1239 3159 1321 3221 irru·

221 3275 545 3362 perant.Ag.1580,
567 3273 659 3354 1189.
702 3275 789 3339 Haec
819 3298 898 3339 vero
927 3296 1083 3337 novorum
1105 3295 1234 3356 semper
1252 3299 1326 3340 sce-

221 3392 326 3454 lernm
344 3391 464 3477 pariter
491 3412 528 3478 ao
552 3411 731 3474 poenarum
749 3390 783 3452 in
809 3364 957 3452 domibus
980 3389 1145 3452 sceleratis
1159 3393 1325 3475 paranda·

219 3526 293 3570 rum
309 3507 453 3592 potentia
469 3506 596 3592 propriu
614 3514 662 3568 est
677 3507 767 3590 genii
785 3491 966 3570 Alastoris.¹

304 3603 452 3706 Speciem
481 3631 514 3686 et
541 3620 759 3704 habitumffl)
790 3621 958 3685 Furiarum
989 3615 1185 3708 descriptum
1215 3623 1323 3693 habes

216 3793 562 3813 m

250 3899 301 3962 et)
321 3898 422 3951 Primus
440 3894 592 3964 Aeschylus
609 3893 752 3950 Furiarum
772 3895 861 3950 crines
879 3898 1050 3970 serpentibus
1061 3869 1215 3968 implicuit,
1236 3898 1324 3954 Paua.

197 4004 201 4010 ’
322 4003 356 4064 1,
375 4000 429 4090 28,
447 4001 484 4058 6:
504 3999 553 4052 nbi
571 3999 601 4052 in
621 4016 712 4056 earnm
732 3999 903 4074 simulacris,
934 4019 1007 4074 quae
1025 4001 1137 4056 Athenis
1156 4009 1250 4064 erant.
1272 4005 1325 4056 ni·

255 4128 258 4133 ·
316 4101 358 4156 bil
386 4101 511 4174 terribile
528 4099 643 4159 infuisse
659 4103 769 4164 dieitur.
804 4104 848 4160 lbi
864 4106 938 4160 eninr
961 4113 1038 4163 orant
1054 4101 1230 4176 Εδμενίδες,
1260 4105 1325 4164 Σι-
