2656 5014
598 493 873 574 ..184-

182 711 218 774 in
243 707 364 772 instalas
394 706 563 768 beatorum
580 705 653 783 Μ),
682 704 837 784 Thetidi,
868 714 905 766 nt
925 705 958 765 in
984 703 1046 768 hac
1068 672 1174 789 pogna
1195 707 1275 770 lilius

182 825 302 890 vincat.
336 819 424 885 'lovis
447 797 583 906 jussani,
603 843 670 906 qno
688 819 810 884 Achilli
833 821 1181 905 moraldecernebatnr,
1203 823 1279 888 effe·

181 941 228 1027 cit
250 940 369 1026 Apollo
390 940 425 1000 in
444 938 555 1000 lahula
582 931 716 1016 altimo,
746 937 833 1002 ittad
862 957 953 1016 sero,
974 938 1064 1022 quod
1084 939 1117 1000 in
1142 940 1278 1008 dramate

181 1059 287 1144 primo
309 1059 512 1119 Amazonam
534 1063 672 1141 stragem
695 1053 841 1132 adduxit,
862 1053 1052 1119 mandatnm
1069 1029 1174 1135 ¹finisse
1195 1058 1279 1122 vide·

181 1186 236 1258 tur
260 1174 403 1252 Dianae,
442 1194 524 1257 qnae
560 1173 659 1237 etiam
691 1173 777 1256 apud
815 1154 991 1234 Homerum
1020 1173 1101 1249 (οἀ.
1131 1175 1173 1252 V,
1202 1181 1277 1252 123)

179 1293 327 1354 Aurorae
348 1290 514 1354 adversata
535 1289 693 1354 Orionem
718 1288 895 1369 interficit,
930 1310 1028 1372 qnam
1047 1290 1082 1350 in
1106 1291 1269 1353 Jacnlatri-

178 1406 272 1472 cibus
299 1413 406 1489 partes
431 1406 533 1490 egisse
554 1403 826 1470 verisimillimum
856 1413 926 1484 eat,
957 1416 1026 1468 tum
1056 1415 1188 1490 propter
1210 1429 1277 1470 eam

179 1524 351 1600 rationem,
370 1543 469 1606 quam
491 1525 573 1608 p.9lt
593 1521 751 1601 indicavi,
775 1531 845 1584 tum
859 1521 970 1604 quiae
988 1523 1167 1606 fragmento
1183 1534 1279 1607 patet,

178 1637 354 1700 Actaeonis
376 1659 429 1700 rea
453 1638 497 1700 ibi
519 1659 587 1702 esso
610 1647 769 1730 *narratae
813 1637 857 1702 Et
876 1637 963 1700 sicut
980 1637 1194 1717 Actaeonem,
1228 1643 1281 1702 cui

176 1755 325 1819 venatori
346 1753 491 1833 terebat,
525 1756 671 1841 perdidit
691 1756 786 1835 irata,
816 1754 860 1818 ita
890 1751 989 1818 etiam
1014 1755 1194 1822 Amazones
1226 1780 1278 1820 ns·

179 1893 247 1936 seso
270 1889 412 1954 quonam
428 1870 525 1934 modo
546 1871 671 1936 offensa
690 1871 869 1957 privavisse
890 1870 1024 1934 videtur
1045 1872 1193 1954 antique,
1217 1897 1286 1956 qua

177 1988 218 2050 iis
237 1987 468 2074 prospiciebat,
490 1988 603 2066 tnte'la,
637 1987 790 2072 lorisque
820 1987 910 2070 jussn
939 1985 1099 2068 adjuvisse
1121 1987 1277 2053 Achillen

95 2123 96 2126 ¹
176 2103 211 2164 in
242 2103 342 2168 caedo
372 2102 618 2181 Penthesileae‚
655 2104 710 2167 cni
742 2113 854 2186 postea
883 2101 1014 2164 mulieri
1042 2103 1281 2188 pulcherrimae
1326 2169 1327 2172 ,

176 2203 362 2304 Martisque
376 2219 484 2286 fratris
506 2221 592 2284 liliae
614 2222 713 2283 vitam
734 2221 934 2286 concesserit
948 2219 1077 2282 beatam
1098 2242 1115 2284 e
1135 2221 1285 2284 doctrina

176 2337 330 2422 mystica,
350 2345 386 2400 nt
409 2335 571 2416 omnibns,
593 2338 707 2421 quiin
731 2336 829 2400 liniue
852 2335 1034 2420 tragoediae
1049 2337 1190 2420 trilogiis
1214 2361 1287 2423 par-

65 2439 73 2458 ’
177 2465 229 2518 tea
250 2462 351 2538 agunt
373 2453 595 2538 principales,
626 2448 873 2532 Penthesileae,
910 2451 1081 2516 Memnoni
1102 2461 1136 2515 et
1157 2453 1288 2518 Achilli

145 2555 148 2559 ’
179 2571 238 2652 (ss.
250 2567 702 2654 praeconcessae.
718 2569 741 2631 t.
755 2567 809 2633 111
823 2569 939 2633 aava
954 2568 1062 2630 nmen
1080 2564 1286 2651 chrestomi

177 2688 236 2771 qni
256 2679 373 2749 'onrnes
388 2695 464 2760 sunt
486 2685 615 2751 divinae
643 2685 800 2771 originis,
833 2686 900 2752 sita
921 2683 1029 2748 divina
1052 2693 1291 2773 postmortem

178 2801 362 2888 contigerit.
985 2797 988 2804 '
1151 2799 1153 2803 ’

195 3163 263 3232 ers)
281 3166 324 3225 cr.
344 3183 370 3238 p.
391 3165 434 3226 aa.
454 3167 565 3228 waiet.
587 3166 656 3226 ror.
678 3164 740 3232 eso.
