2656 5014
396 353 568 511 -4-141
620 422 671 450 -

62 613 358 696 Tameaiueptum
377 620 433 690 est,
456 608 589 672 inutiles
610 608 749 673 suadere
770 618 916 694 questas,
936 607 1025 695 quod
1036 608 1085 672 al·

8 730 165 796 lualabula
184 727 332 808 interiit,
353 725 496 811 ineptius
514 724 611 787 etiam
629 734 732 805 esset,
755 734 879 809 optare,
906 734 943 788 ut
961 748 1020 812 pro
1035 748 1085 809 ea,

8 859 198 932 praeservata
222 851 299 924 est,
332 841 526 906 haberemus
560 842 720 910 alteram·
754 841 981 907 Diviuiorvix
1001 845 1087 926 fuit,

11 985 75 1047 quan
94 962 190 1042 haec,
207 962 246 1024 in
270 979 337 1044 qua
358 960 493 1022 deorum
506 957 704 1022 maiestatem
719 957 917 1043 Aeschylum
931 961 1088 1038 minuisse

12 1081 195 1143 contendunt:
220 1099 267 1140 an
292 1076 320 1140 oi
338 1075 406 1140 sola
427 1075 485 1137 illa
509 1083 592 1144 esset
618 1084 760 1156 servata,
775 1076 910 1140 ‘certius
941 1073 1088 1162 judicare

8 1217 137 1277 possemus
161 1195 205 1258 de
225 1188 304 1256 eius
322 1189 493 1274 religione,
515 1212 710 1276 magnopere
732 1191 856 1256 dubito.
898 1193 974 1276 Egit
992 1193 1089 1272 enim,
1130 1253 1137 1258 .

8 1312 70 1393 quod
93 1310 267 1394 agendum
296 1317 346 1373 est
369 1316 439 1370 tam
467 1307 555 1372 bono
582 1318 714 1394 poetae,
749 1317 820 1371 tum
841 1308 895 1389 ei,
927 1311 984 1393 qui
1002 1311 1088 1374 bene

8 1425 182 1492 instituturus
201 1424 369 1509 estquod
381 1424 536 1509 proponit
550 1425 716 1509 aenigma:
738 1423 879 1490 absolvit
889 1427 1089 1511 tragoediam
1154 1469 1157 1478 ι

8 1561 72 1623 eam,
101 1539 313 1628 quae‘nobis
340 1549 467 1619 exstat,
501 1541 650 1604 omnibus
686 1541 853 1620 numeris,
875 1551 911 1604 ut
928 1542 956 1606 si
981 1544 1091 1606 omnia

8 1659 123 1738 quaein
150 1669 191 1723 aa
218 1659 392 1744 professae
428 1664 477 1721 est
499 1658 629 1743 singula
660 1667 810 1722 accurate
842 1660 1090 1744 perpendimus,

11 1791 221 1858 comparamus,
249 1773 450 1837 conferimus
472 1795 547 1838 cum
570 1774 630 1854 iis,
646 1777 743 1858 'quae
766 1758 803 1836 in
819 1775 891 1838 aliis
915 1767 1091 1859 tragoediis

14 1885 96 1952 sinilia
110 1893 211 1973 dicit,
235 1891 317 1958 eatis
330 1890 515 1976 intelligere
530 1890 707 1976 possimus,
732 1889 811 1975 quid
835 1890 1017 1974 significare
1033 1877 1099 1956 vo·-¹

8 1999 97 2087 luerit,
117 2009 202 2092 quid
226 2007 352 2072 clarius
375 2016 408 2070 et
431 2007 569 2086 certius,
590 2007 643 2071 vel
672 2007 733 2071 hac
762 2005 816 2070 rel
832 2005 896 2068 'ina
915 2007 1020 2071 forma
1037 2007 1090 2072 in=

11 2115 98 2184 datum
116 2125 150 2186 in
172 2123 379 2190 Prometheo
394 2124 500 2186 soluto
522 2121 749 2192 enuntiaverit.

69 2240 339 2324 Regrediendum
377 2249 426 2304 est
455 2241 496 2303 ad
520 2241 647 2320 fontes,
683 2239 772 2304 uude
804 2239 1091 2312 fabulamhausit.
1195 2313 1212 2327 x

10 2347 63 2413 lion
81 2378 188 2422 omnes
209 2365 361 2438 exstant,
383 2358 441 2422 sed
463 2365 566 2454 exstat
591 2354 853 2442 antiquissimus,
874 2359 1017 2423 narratio
1039 2361 1090 2424 rei

12 2462 36 2525 '¹11
52 2470 237 2560 Theogonis
255 2474 401 2537 Hesiodi.
442 2475 499 2564 llsi¹
513 2473 725 2540 Prometheus
741 2485 789 2540 est
810 2477 925 2560 genius
939 2478 1090 2560 callidus,

14 2585 56 2662 qui
80 2593 226 2656 omnium
254 2592 424 2655 hominum
449 2593 522 2657 vice
545 2591 687 2675 fungens
717 2593 834 2655 Jovem
870 2593 904 2654 in
929 2595 1090 2658 sacrificio
1194 2638 1197 2642 Δ

16 2694 110 2786 decipit
129 2709 327 2794 eidemque,
359 2729 433 2771 eum
461 2707 560 2770 iratus
586 2707 662 2791 igne
684 2705 836 2800 homines
856 2710 982 2793 privet,
1001 2713 1090 2776 furto

18 2805 83 2880 hune
99 2826 207 2911 eripit.
251 2829 428 2908 Propterea
454 2821 583 2908 Jupiter
602 2822 788 2886 hominihus
811 2827 896 2888 mala
926 2827 1092 2915 immittit,
1135 2910 1136 2914 Ἰ

19 2922 113 3008 ipsiad
141 2945 334 3005 columnam
365 2939 493 3024 alligato
522 2939 615 3026 jecur
645 2941 789 3002 lacerare
819 2940 911 3023 jubet
931 2944 1093 3028 aquilam,

24 3038 100 3113 donec
118 3058 259 3122 Herculi
280 3037 365 3137 lilio,
393 3034 506 3118 huius]
520 3055 656 3140 gloriam
677 3057 949 3140 amplificaturus,
971 3081 1094 3125 conce-

20 3153 56 3218 dll
77 3175 105 3231 at
131 3172 271 3238 vincula
294 3171 478 3237 Promethei
508 3172 623 3235 solvat.
681 3173 730 3234 De
762 3189 880 3253 genere
909 3177 1095 3240 Promethei

20 3284 119 3365 narrat,
148 3311 230 3353 eum
266 3309 335 3352 ease
358 3287 463 3350 filium
485 3287 589 3373 Iapeti
610 3287 735 3352 Titanis
756 3298 789 3350 et
809 3288 986 3374 Glymenae
1008 3295 1096 3358 Oce·

17 3391 130 3481 trinae,
168 3407 306 3468 fratrem
336 3406 478 3469 Atlantis
507 3413 540 3466 et
565 3403 740 3485 Menoetii,
779 3406 837 3486 qui
869 3407 969 3470 simili
998 3411 1091 3476 clade

18 3509 247 3614 redonantur,
270 3522 389 3607 quibus
411 3521 503 3582 nulla
522 3520 714 3583 conceditur
734 3519 895 3584 liberatio.

82 3629 245 3702 Summam
270 3638 305 3700 in
334 3637 396 3700 hac
421 3626 605 3698 narratione
642 3636 837 3699 sententiam
870 3637 957 3703 hanc
989 3643 1094 3708 inesse

16 3751 148 3832 'PParet,
174 3756 327 3819 eximiam
350 3775 435 3838 quae
466 3762 514 3815 est
544 3752 658 3816 mentis
689 3751 849 3815 humanae
884 3737 1094 3824 calliditatem

20 3867 48 3912 e⁰
66 3867 153 3930 evehi
176 3873 365 3958 superbiae,
387 3881 424 3933 ut
442 3871 504 3934 diis
525 3890 594 3932 sese
619 3891 757 3953 aequare
778 3881 933 3953 conetur,
957 3880 1094 3944 eandem

21 3981 141 4053 lirrimi
179 3999 212 4052 et
232 3977 348 4053 uinciri
377 3988 488 4052 divina
518 3985 684 4072 potentia,
706 4007 809 4070 usque
832 3988 909 4051 dum
928 4013 997 4056 sese
1019 3995 1096 4058 aub-

22 4085 109 4157 uittas
127 4102 239 4172 divino
260 4108 395 4200 imperio
416 4116 450 4185 et
468 4103 624 4168 liberetur
646 4102 756 4169 diviua
778 4104 960 4172 clementia.
996 4105 1097 4176 Hanc
1217 4169 1219 4174 .
