2656 5014
650 371 699 418 '···-
751 365 825 440 142
873 397 924 421 ···

241 593 311 640 esse
331 570 459 646 fabulae
481 591 611 636 sensnm
631 576 742 658 negari
765 595 829 637 non
853 573 971 659 poterit
991 539 1182 661 simulatque
1201 596 1308 640 coness-

240 690 340 767 seris,
373 665 558 768 Promethei
599 690 729 763 nomine
754 689 932 773 significari
968 691 1190 773 prudentinms
1221 692 1303 776 itnqne

240 805 443 889 Aeschylus,
470 827 566 888 quem
588 803 651 890 hoc
671 805 873 881 intellexisse
891 808 1100 888 coustatv(Pr.
1117 803 1181 884 ,863
1203 807 1232 884 S,
1249 811 1297 884 70⁰³

239 915 428 1002 προμᾳθεύς
452 914 574 1002 ἀρχά),
606 921 723 990 surdus
750 932 783 986 et
812 941 930 986 coecus
958 929 1041 986 esset
1070 920 1272 1004 judicandus,
1288 923 1306 986 si

238 1035 304 1100 hoc
331 1035 438 1097 minus
466 1034 690 1118 perspexisset.
741 1035 787 1098 At
814 1037 1040 1120 quaerendum
1067 1046 1133 1120 est,
1155 1038 1183 1102 si
1196 1059 1306 1102 ,sensum

237 1151 424 1238 perspexit,
454 1173 494 1212 an
529 1171 603 1214 enm
640 1151 793 1230 exhibere
823 1153 974 1216 voluerit.
1023 1153 1227 1238 Respondeat
1258 1155 1306 1237 ipse

237 1267 439 1356 Aeschylus,
462 1268 520 1351 qni
542 1289 617 1350 non,
630 1247 735 1352 solnm
756 1269 882 1334 disertis
907 1268 1013 1332 verbis
1034 1271 1116 1334 dicit
1141 1269 1302 1334 Prometheo

240 1409 353 1450 omnes
376 1395 461 1448 artes
481 1384 645 1467 ,humanas
660 1385 771 1450 deberi
793 1387 845 1452 Pr.
867 1384 946 1464 506,
968 1387 1026 1450 sed
1050 1386 1147 1449 etiam
1167 1409 1223 1472 per
1239 1387 1305 1470 qnin-

239 1502 396 1588 quaginta
418 1521 529 1565 versus
548 1501 707 1584 beneficia
726 1511 893 1598 recenset,
923 1524 1006 1586 quae
1030 1502 1215 1567 hominibus
1239 1511 1308 1564 sntea

233 1617 426 1710 'miserrimis
447 1618 628 1706 donaverit,
649 1639 733 1704 quae
755 1619 782 1684 si
802 1629 951 1684 accurate
974 1621 1131 1704 inspicis,
1153 1621 1232 1684 nihil
1246 1627 1305 1695 sunt,

238 1734 305 1798 nisi
324 1743 406 1798 artes
430 1749 515 1818 quae
538 1734 698 1798 oalliditas
722 1744 754 1800 et
773 1729 945 1820 prudentis
969 1735 1143 1802 hominnm
1158 1736 1309 1820 excogitat,

239 1853 392 1934 nutritam
411 1850 473 1914 sibi
488 1848 787 1934 puretjucundam.
829 1852 921 1930 Quae
943 1862 1074 1936 praeter
1095 1855 1154 1916 has
1174 1854 1310 1916 hominem

239 1978 376 2054 ornant,
397 1969 513 2045 robur,
536 1967 662 2046 honor,
683 1949 838 2048 virtutes,
860 1977 944 2032 artes
965 1969 1110 2033 musicae
1131 1970 1252 2036 minime
1270 1987 1311 2026 re·

237 2095 395 2172 petuntur
415 2107 433 2148 a
452 2082 669 2164 Prometheo,
689 2083 821 2170 'qnippe
844 2106 927 2168 quac
949 2107 1016 2148 non
1046 2088 1226 2152 debeantur
1240 2080 1320 2146 collis

239 2200 334 2288 ditati
365 2187 424 2268 sed
449 2200 515 2264 sint
545 2200 630 2286 dona
666 2200 785 2263 divinas
835 2201 991 2264 Videmus
1014 2202 1119 2287 igitur
1151 2215 1185 2266 nt
1207 2199 1320 2288 genium

236 2318 435 2406 prudentiae
468 2319 628 2380 hnmanae
649 2315 881 2400 Prometheum
908 2317 1006 2380 etiam
1030 2319 1071 2382 ab
1095 2318 1255 2404 Aeschylo
1272 2336 1311 2378 er·

237 2435 401 2524 bibitum,
423 2433 620 2520 appellatum
641 2442 810 2519 propterca
843 2430 997 2518 σοφὼτην
1012 2439 1076 2510 9Ιμι
1088 2485 1097 2518 ,
1111 2429 1267 2520 Ιλεωργὸν,
1283 2428 1306 2505 bt

239 2517 436 2638 ainvudrqv:
448 2549 519 2634 ,185
539 2537 789 2632 νὶερισσόφρονᾳ,
812 2551 876 2621 328
897 2560 972 2620 cett.
994 2553 1102 2618 Huius
1126 2555 1154 2620 si
1170 2575 1220 2618 res
1233 2557 1305 2635 gesto

236 2676 270 2736 et
284 2669 350 2756 futu
364 2685 495 2731 narrans
505 2663 681 2728 Hesiodum
691 2675 817 2729 secutus
832 2675 891 2744 est,
912 2668 985 2751 quis
1001 2679 1058 2747 cst,
1083 2674 1144 2756 qni
1157 2670 1246 2734 nohis
1264 2682 1309 2749 per·

224 2787 371 2850 'suadent
391 2805 466 2851 enm
489 2802 558 2846 sese
584 2771 778 2866 abstinuisse
801 2785 1028 2866 acogitatione
1056 2809 1113 2867 ea,
1136 2809 1220 2872 qnae
1237 2781 1308 2848 totins

234 2902 363 2966 fabulae
386 2909 434 2964 est
457 2897 648 2984 principalis
666 2892 719 2982 (ὥς
742 2891 800 2960 ada
821 2881 890 2961 Ιἔστι
909 2896 992 2974 Διὸς
1009 2903 1160 2968 κλέπτειν
1175 2899 1245 2968 νόον
1261 2890 1312 2958 otili

234 3015 563 3100 nupeidet‘v'Theog.
596 3011 681 3096 6135
717 3016 797 3099 Opp.
822 3015 895 3098 105)
915 3017 1128 3101 prudentiam
1150 3020 1312 3086 humanm,

235 3153 321 3220 quse
337 3131 481 3196 debitum
495 3129 621 3215 superis
637 3130 796 3213 detrectet
816 3131 1105 3226 obsequium,=jnre
1126 3108 1187 3206 sno
1208 3125 1312 3220 puniri?

312 3249 465 3314 ·Scrvuvit
510 3247 691 3330 Aeschylus
726 3268 743 3309 e
771 3221 891 3312 fabulis
929 3250 1066 3312 Hesiodi
1103 3250 1314 3318 ¹Prometheum

171 3387 174 3398 ’
236 3368 296 3457 qui
336 3369 448 3450 ignem·
476 3365 566 3462 fusto
599 3363 725 3447 superis
765 3366 880 3448 eripit,
913 3365 1071 3448 vin-citur,
1117 3371 1159 3432 ab
1195 3337 1314 3448 ¹Hercule

125 3560 127 3570 Ι
229 3487 409 3562 liberatur,
438 3481 578 3546 servavit
612 3483 709 3543 etiam
733 3481 860 3544 coelum
891 3481 1016 3543 Atlanti
1038 3483 1242 3570 impositum.
1272 3483 1315 3542 Pro

234 3601 400 3668 Menoetio
433 3599 468 3660 in
501 3599 672 3676 Tartarum
706 3598 838 3661 detruso
870 3597 983 3660 intulit
1016 3597 1235 3684 Typhonem,
1267 3604 1316 3658 tun

236 3716 314 3802 quia
336 3737 401 3778 non
431 3714 506 3780 satis
530 3712 660 3776 celeber
683 3712 717 3774 in
754 3714 871 3776 fabulis
888 3723 936 3777 est
958 3714 1015 3792 ille
1037 3718 1247 3808 Menoetius,
1267 3721 1312 3771 tna

235 3803 273 3899 ut
312 3831 492 3917 eruptionis
522 3829 645 3903 Aetnae
680 3829 879 3893 mentionem
912 3832 1043 3893 faceret.
1112 3831 1252 3894 Gravius
1286 3823 1318 3882 est

235 3951 326 4036 quod
355 3959 489 4014 matrem
516 3954 730 4032 permutatam
758 3945 959 4028 'Themidem
990 3968 1049 4030 pro
1081 3947 1243 4031 Clymene
1271 3939 1318 4002 'no-i

234 4065 347 4135 minat.
387 4059 545 4132 Themide
567 4059 765 4152 significetur
796 4061 846 4154 jus
867 4061 1036 4142 ditinum,
1064 4063 1184 4148 endem
1200 4072 1247 4144 est
1261 4052 1318 4122 Tel*
