2656 5014
390 410 439 440 ,-
493 375 564 457 raa
614 371 695 434 --.Ι

43 589 81 667 ln,
101 588 221 657 deorum
242 589 386 654 omnium
407 597 526 660 mater:
548 591 687 658 adhunc
708 591 868 672 refertur,
889 591 978 674 quod
997 593 1075 656 Pro·

37 703 142 768 netheus
162 706 194 767 in
215 676 313 772 rebus
333 709 450 804 divinis
472 709 660 782 adornatget
678 709 881 776 vaticinatur.

85 821 135 884 Sed
174 822 236 885 elia
276 809 373 888 etiarn
416 825 562 888 videmus
596 833 727 892 mutata.
779 823 939 888 Hesiodus
970 829 1079 891 narrat
1145 901 1150 917 ι
1205 806 1211 816 “

42 936 103 1018 ipen
125 937 307 1022 hominibus
326 950 420 1004 autea
442 937 632 1010 eoncessum
656 941 821 1005 udemtum
844 959 951 1004 essen
981 941 1081 1022 Jove,

42 1053 88 1132 apl
100 1053 417 1142 Aeschylum'igucm
438 1079 568 1143 prorsus
590 1079 710 1124 novum
730 1067 765 1122 et
793 1057 997 1143 incognitum
1010 1060 1081 1122 ‘ho-

38 1167 130 1234 niuibus
162 1153 254 1238 client
285 1175 531 1240 Prometheus.'
561 1173 662 1241 Vides
674 1221 685 1257 ,
718 1185 875 1261 quantum
896 1174 959 1238 hoc
984 1177 1083 1238 faciat

33 1301 69 1364 pto
97 1285 282 1356 declaranda
304 1291 415 1371 dosis
433 1289 569 1372 justitia.
621 1293 709 1376 Lege
755 1291 973 1354 constitutum·
994 1298 1080 1372 ··est,'

32 1395 102 1478 iguem
129 1425 195 1468 esse
229 1407 382 1487 deorum,
402 1429 468 1470 non
497 1407 744 1473 concedendum
776 1431 844 1472 esse
867 1406 1079 1490 mortalibus,

32 1508 84 1578 lanc
100 1517 195 1604 legem
221 1523 325 1598 ¹violat
342 1523 592 1605 Prometheus,
621 1523 757 1589 violanti
781 1525 909 1609 Jupiter
941 1546 1081 1610 poenam
1152 1584 1154 1587 .

31 1626 117 1716 influit
163 1639 340 1704 Hominum
366 1663 469 1726 genus
500 1643 651 1707 miserum
674 1650 755 1723 est,
789 1643 927 1727 fragile,
958 1642 1082 1706 viribus

35 1739 101 1822 ineu,
119 1749 180 1818 hoo
200 1756 421 1821 exstincturus
453 1767 501 1822 est
527 1757 671 1842 iupiter,
694 1765 817 1822 novum
836 1767 1084 1844 procreaturus,

35 1859 75 1930 233.
105 1868 139 1944 lu
160 1872 210 1938 his
232 1874 463 1959 cogitationem
490 1875 614 1965 recepit
633 1873 817 1957 Aeschylus
836 1895 854 1938 e
876 1873 996 1938 fabulis
1016 1874 1084 1940 illis
1153 1899 1158 1906 ’

30 1975 55 2037 le
68 1989 201 2054 aetatibus
220 1991 358 2072 mundi,
382 1991 425 2054 de
434 1989 636 2054 Deucalione
653 1991 841 2074 magnisque
864 1992 978 2075 aq'nis,
999 2013 1084 2075 quae

30 2096 204 2172 ullesiodeis
219 2077 420 2171 carminibus
441 2117 518 2169 sunt
538 2106 682 2195 petitas,
703 2107 763 2171 aed
783 2107 909 2170 ratione
940 2107 1086 2174 diversae

28 2213 222 2306 lTheogouia.
273 2225 316 2287 Et
342 2226 377 2286 in
407 2224 467 2288 illo
488 2224 577 2288 Jovis
606 2223 744 2286 conallio
763 2209 959 2308 procreandi
980 2231 1084 2310 gene·

28 2326 56 2388 tlt
71 2338 132 2430 noti
152 2339 242 2405 hand
265 2341 362 2404 dubie
383 2347 513 2405 secutus
536 2349 585 2403 est
618 2341 728 2403 locum
750 2341 896 2425 Operum
925 2339 1008 2408 160:
1031 2341 1090 2414 uhi

28 2450 207 2521 rudentum
225 2480 329 2541 genus
350 2477 488 2522 aeneum
503 2477 625 2540 nouum
646 2465 733 2520 creat
742 2459 870 2543 Jupiter
891 2451 1088 2549 denuadrepou
1187 2507 1190 2520 t

29 2560 63 2620 “tl
71 2552 158 2648 letter
171 2568 317 2658 Ἀνδρῶν
337 2566 451 2656 ἡρώων
464 2575 557 2636 dator
573 2575 675 2655 γένος,
696 2568 727 2635 οἱ
742 2573 907 2636 καλέονται
923 2571 1088 2654 Ἡμίθεοι.

82 2682 178 2753 Altera
198 2714 279 2756 vero
301 2691 454 2776 cogitatio
484 2691 525 2754 de
547 2691 739 2754 Prometheo
769 2691 917 2755 homines
938 2714 956 2752 a
977 2693 1092 2778 perni-

33 2787 62 2852 cie
82 2818 219 2873 servante·
251 2808 352 2892 petita
385 2807 513 2871 videtur
538 2827 580 2870 ex
613 2805 769 2892 catalogo
801 2807 992 2888 mulierum,
1029 2809 1088 2872 ubi

32 2899 197 2988 Prometheus
231 2923 396 2986 dicebatur
426 2933 519 3007 pater
544 2922 774 3000 Deucalionis,
807 2944 906 3006 quem
938 2915 1086 2988 consiliis
1121 3001 1125 3014 .
1165 2928 1170 2940 '

35 3021 79 3084 auia
97 3053 128 3096 ex
146 3041 245 3104 undis
278 3040 450 3116 servavisse
485 3038 607 3102 dicitur
627 3039 667 3100 ab
698 3037 917 3123 Apollodoro:
945 3042 1034 3104 unde
1054 3041 1090 3104 id

32 3133 96 3206 etiem
109 3133 228 3238 patet,
259 3157 347 3241 qnod
367 3177 426 3242 per
453 3177 497 3219 ac¹
511 3165 768 3220 consentaneum
789 3166 854 3236 est,
880 3179 945 3219 non
968 3179 1092 3243 pugna-

31 3249 84 3320 tlste
99 3268 334 3339 Prometheum
345 3295 421 3337 oum
442 3271 542 3352 Jove,
573 3273 634 3336 sed
664 3249 791 3336 callidis
814 3274 960 3369 consiliis
980 3275 1091 3340 homi-

28 3383 66 3434 ”08
86 3387 284 3456 subtraxisse.
337 3384 411 3457 sed‘
433 3393 514 3458 haec
541 3395 658 3458 leviter
684 3393 790 3478 tangit
816 3393 1018 3478 Aeschylus,
1048 3392 1090 3456 iis

26 3487 119 3562 lantum
137 3509 295 3593 receptis,
315 3530 400 3593 quae
422 3511 602 3574 necessaria
623 3519 716 3573 erant
736 3509 776 3572 ad
798 3507 999 3571 exhibendos
1020 3531 1089 3570 sno·

26 3615 60 3667 let
73 3612 248 3688 Promethei
270 3635 314 3696 ¹et
344 3625 384 3688 ad
412 3626 606 3709 exponenda
637 3625 724 3690 lovis
745 3625 893 3688 consilia.
934 3623 1090 3688 Ostendi-

24 3731 175 3802 anonim
195 3743 256 3806 sub
288 3741 419 3804 nomine
438 3741 525 3804 Jovis
557 3747 603 3817 (§.
626 3739 707 3821 15),
730 3740 902 3804 mutavisse
924 3740 1013 3802 huuc
1036 3763 1092 3804 ra·-
1154 3719 1156 3724 Ι

23 3830 133 3928 tionem,
154 3879 217 3939 qua
253 3857 422 3921 consilium
449 3865 554 3919 retum
584 3847 729 3920 facturus
749 3867 843 3952 ¹crat,
872 3857 979 3941 ipsum
1011 3877 1089 3922 vero

24 3959 169 4032 consilinm
190 3993 258 4037 esre
276 3971 426 4038 effectum
448 3970 618 4057 progenito
640 3971 700 4034 illo
715 3991 835 4056 genere
855 3969 991 4039 heroum
1002 3976 1093 4062 quod

24 4056 159 4150 Hesindus
178 4089 351 4168 describit,
367 4087 485 4155 “divino
505 4106 626 4174 genere
646 4089 843 4158 mortalium.
955 4123 960 4132 ·
1026 4115 1029 4127 ¹
1061 4115 1064 4127 ·
